<?xml version="1.0" encoding="UTF-8"?>
<!DOCTYPE html PUBLIC "-//W3C//DTD XHTML 1.0 Transitional//EN"
    "http://www.w3.org/TR/xhtml1/DTD/xhtml1-transitional.dtd">
<html xmlns="http://www.w3.org/1999/xhtml" xml:lang="en" lang="en">
 <head>
  <title>
</title>
<meta http-equiv="Content-Type" content="text/html;charset=utf-8" />
  <meta name='ocr-system' content='tesseract 3.04.00' />
  <meta name='ocr-capabilities' content='ocr_page ocr_carea ocr_par ocr_line ocrx_word'/>
</head>
<body>
  <div class='ocr_page' id='page_1' title='image "4737899_0018.png"; bbox 0 0 2038 3176; ppageno 0'>
   <div class='ocr_carea' id='block_1_1' title="bbox 276 139 1858 2739">
    <p class='ocr_par' dir='ltr' id='par_1_1' title="bbox 1056 139 1105 176">
     <span class='ocr_line' id='line_1_1' title="bbox 1056 139 1105 176; baseline -0.02 0"><span class='ocrx_word' id='word_1_1' title='bbox 1056 139 1105 176; x_wconf 95' lang='lat'>10</span> 
     </span>
    </p>

    <p class='ocr_par' dir='ltr' id='par_1_2' title="bbox 282 268 1858 1889">
     <span class='ocr_line' id='line_1_2' title="bbox 295 268 1855 321; baseline 0.001 -13"><span class='ocrx_word' id='word_1_2' title='bbox 295 269 400 321; x_wconf 87' lang='lat' dir='ltr'>apud</span> <span class='ocrx_word' id='word_1_3' title='bbox 432 281 528 320; x_wconf 90' lang='lat' dir='ltr'>quos</span> <span class='ocrx_word' id='word_1_4' title='bbox 558 268 760 306; x_wconf 88' lang='lat' dir='ltr'>innumera</span> <span class='ocrx_word' id='word_1_5' title='bbox 798 268 988 306; x_wconf 89' lang='lat' dir='ltr'>eiusmodi</span> <span class='ocrx_word' id='word_1_6' title='bbox 1035 269 1217 320; x_wconf 82' lang='lat' dir='ltr'>exempla.</span> <span class='ocrx_word' id='word_1_7' title='bbox 1261 269 1454 321; x_wconf 80' lang='lat' dir='ltr'>leguntur,</span> <span class='ocrx_word' id='word_1_8' title='bbox 1504 269 1664 308; x_wconf 85' lang='lat' dir='ltr'>Tacitus</span> <span class='ocrx_word' id='word_1_9' title='bbox 1707 270 1855 310; x_wconf 78' lang='lat' dir='ltr'>formas</span> 
     </span>
     <span class='ocr_line' id='line_1_3' title="bbox 288 334 1850 386; baseline 0 -13"><span class='ocrx_word' id='word_1_10' title='bbox 288 336 397 373; x_wconf 89' lang='lat' dir='ltr'>verbi</span> <span class='ocrx_word' id='word_1_11' title='bbox 430 334 674 380; x_wconf 79' lang='lat' dir='ltr'>substantivi,</span> <span class='ocrx_word' id='word_1_12' title='bbox 706 335 938 384; x_wconf 82' lang='lat' dir='ltr'>saepissimo</span> <span class='ocrx_word' id='word_1_13' title='bbox 960 336 1147 385; x_wconf 82' lang='lat' dir='ltr'>temporis</span> <span class='ocrx_word' id='word_1_14' title='bbox 1165 337 1396 385; x_wconf 84' lang='lat' dir='ltr'>praesentis,</span> <span class='ocrx_word' id='word_1_15' title='bbox 1426 338 1551 373; x_wconf 89' lang='lat' dir='ltr'>minus</span> <span class='ocrx_word' id='word_1_16' title='bbox 1570 349 1689 386; x_wconf 85' lang='lat' dir='ltr'>saepe</span> <span class='ocrx_word' id='word_1_17' title='bbox 1708 337 1850 385; x_wconf 88' lang='lat' dir='ltr'>imper-</span> 
     </span>
     <span class='ocr_line' id='line_1_4' title="bbox 289 399 1855 452; baseline 0.001 -14"><span class='ocrx_word' id='word_1_18' title='bbox 289 400 383 438; x_wconf 82' lang='lat' dir='ltr'>fecti</span> <span class='ocrx_word' id='word_1_19' title='bbox 415 406 454 438; x_wconf 89' lang='lat' dir='ltr'>et</span> <span class='ocrx_word' id='word_1_20' title='bbox 484 399 649 451; x_wconf 84' lang='lat' dir='ltr'>perfecti</span> <span class='ocrx_word' id='word_1_21' title='bbox 680 412 825 450; x_wconf 86' lang='lat' dir='ltr'>easque</span> <span class='ocrx_word' id='word_1_22' title='bbox 874 399 953 437; x_wconf 86' lang='lat' dir='ltr'>fere</span> <span class='ocrx_word' id='word_1_23' title='bbox 1004 406 1091 450; x_wconf 88' lang='lat' dir='ltr'>post</span> <span class='ocrx_word' id='word_1_24' title='bbox 1136 400 1240 438; x_wconf 84' lang='lat' dir='ltr'>aliud</span> <span class='ocrx_word' id='word_1_25' title='bbox 1291 402 1544 452; x_wconf 86' lang='lat' dir='ltr'>praeteritum</span> <span class='ocrx_word' id='word_1_26' title='bbox 1595 406 1749 452; x_wconf 87' lang='lat' dir='ltr'>tempus</span> <span class='ocrx_word' id='word_1_27' title='bbox 1796 401 1855 440; x_wconf 87' lang='lat' dir='ltr'>his</span> 
     </span>
     <span class='ocr_line' id='line_1_5' title="bbox 290 465 1856 518; baseline 0.001 -14"><span class='ocrx_word' id='word_1_28' title='bbox 290 466 548 504; x_wconf 78' lang='lat' dir='ltr'>substantivis</span> <span class='ocrx_word' id='word_1_29' title='bbox 579 465 763 511; x_wconf 80' lang='lat' dir='ltr'>detraxit,</span> <span class='ocrx_word' id='word_1_30' title='bbox 795 478 870 516; x_wconf 91' lang='lat' dir='ltr'>quo</span> <span class='ocrx_word' id='word_1_31' title='bbox 891 478 938 503; x_wconf 87' lang='lat' dir='ltr'>ca</span> <span class='ocrx_word' id='word_1_32' title='bbox 954 467 1111 516; x_wconf 86' lang='lat' dir='ltr'>gravius</span> <span class='ocrx_word' id='word_1_33' title='bbox 1141 467 1189 504; x_wconf 84' lang='lat' dir='ltr'>ad</span> <span class='ocrx_word' id='word_1_34' title='bbox 1209 480 1322 505; x_wconf 86' lang='lat' dir='ltr'>aures</span> <span class='ocrx_word' id='word_1_35' title='bbox 1349 468 1560 518; x_wconf 87' lang='lat' dir='ltr'>legentium</span> <span class='ocrx_word' id='word_1_36' title='bbox 1591 467 1856 518; x_wconf 80' lang='lat' dir='ltr'>pervenirent,</span> 
     </span>
     <span class='ocr_line' id='line_1_6' title="bbox 286 531 1850 583; baseline 0.001 -15"><span class='ocrx_word' id='word_1_37' title='bbox 286 545 413 583; x_wconf 89' lang='lat' dir='ltr'>neque</span> <span class='ocrx_word' id='word_1_38' title='bbox 444 532 564 569; x_wconf 89' lang='lat' dir='ltr'>ullum</span> <span class='ocrx_word' id='word_1_39' title='bbox 596 531 804 569; x_wconf 77' lang='lat' dir='ltr'>discrimen</span> <span class='ocrx_word' id='word_1_40' title='bbox 837 536 908 571; x_wconf 76' lang='lat' dir='ltr'>est,</span> <span class='ocrx_word' id='word_1_41' title='bbox 941 536 1067 569; x_wconf 89' lang='lat' dir='ltr'>utrum</span> <span class='ocrx_word' id='word_1_42' title='bbox 1101 533 1136 569; x_wconf 94' lang='lat' dir='ltr'>in</span> <span class='ocrx_word' id='word_1_43' title='bbox 1170 533 1363 583; x_wconf 89' lang='lat' dir='ltr'>primariis</span> <span class='ocrx_word' id='word_1_44' title='bbox 1384 546 1431 570; x_wconf 90' lang='lat' dir='ltr'>an</span> <span class='ocrx_word' id='word_1_45' title='bbox 1453 532 1695 571; x_wconf 83' lang='lat' dir='ltr'>secundariis</span> <span class='ocrx_word' id='word_1_46' title='bbox 1731 546 1850 570; x_wconf 86' lang='lat' dir='ltr'>enun-</span> 
     </span>
     <span class='ocr_line' id='line_1_7' title="bbox 285 596 1851 649; baseline 0.001 -14"><span class='ocrx_word' id='word_1_47' title='bbox 285 597 514 635; x_wconf 88' lang='lat' dir='ltr'>tiationibus</span> <span class='ocrx_word' id='word_1_48' title='bbox 546 598 673 649; x_wconf 85' lang='lat' dir='ltr'>posita</span> <span class='ocrx_word' id='word_1_49' title='bbox 705 597 791 636; x_wconf 90' lang='lat' dir='ltr'>sint.</span> <span class='ocrx_word' id='word_1_50' title='bbox 854 596 1190 649; x_wconf 79' lang='lat' dir='ltr'>Frequentissima</span> <span class='ocrx_word' id='word_1_51' title='bbox 1231 604 1362 637; x_wconf 86' lang='lat' dir='ltr'>autem</span> <span class='ocrx_word' id='word_1_52' title='bbox 1407 603 1468 637; x_wconf 85' lang='lat' dir='ltr'>est</span> <span class='ocrx_word' id='word_1_53' title='bbox 1517 612 1564 637; x_wconf 88' lang='lat' dir='ltr'>ea</span> <span class='ocrx_word' id='word_1_54' title='bbox 1608 599 1765 637; x_wconf 89' lang='lat' dir='ltr'>omissio</span> <span class='ocrx_word' id='word_1_55' title='bbox 1815 599 1851 637; x_wconf 93' lang='lat' dir='ltr'>in</span> 
     </span>
     <span class='ocr_line' id='line_1_8' title="bbox 287 664 1851 714; baseline 0.001 -14"><span class='ocrx_word' id='word_1_56' title='bbox 287 664 619 714; x_wconf 81' lang='lat' dir='ltr'>descriptionibus</span> <span class='ocrx_word' id='word_1_57' title='bbox 650 676 800 700; x_wconf 89' lang='lat' dir='ltr'>morum</span> <span class='ocrx_word' id='word_1_58' title='bbox 842 670 958 713; x_wconf 85' lang='lat' dir='ltr'>atque</span> <span class='ocrx_word' id='word_1_59' title='bbox 1009 665 1286 711; x_wconf 86' lang='lat' dir='ltr'>institutorum,</span> <span class='ocrx_word' id='word_1_60' title='bbox 1333 677 1451 714; x_wconf 87' lang='lat' dir='ltr'>quare</span> <span class='ocrx_word' id='word_1_61' title='bbox 1498 664 1712 702; x_wconf 77' lang='lat' dir='ltr'>Germania</span> <span class='ocrx_word' id='word_1_62' title='bbox 1755 665 1851 701; x_wconf 86' lang='lat' dir='ltr'>satis</span> 
     </span>
     <span class='ocr_line' id='line_1_9' title="bbox 285 727 1851 770; baseline 0.001 -4"><span class='ocrx_word' id='word_1_63' title='bbox 285 729 429 767; x_wconf 88' lang='lat' dir='ltr'>multos</span> <span class='ocrx_word' id='word_1_64' title='bbox 459 729 564 767; x_wconf 85' lang='lat' dir='ltr'>locos</span> <span class='ocrx_word' id='word_1_65' title='bbox 595 727 766 766; x_wconf 85' lang='lat' dir='ltr'>exhibet.</span> <span class='ocrx_word' id='word_1_66' title='bbox 827 727 937 766; x_wconf 78' lang='lat' dir='ltr'>Talia</span> <span class='ocrx_word' id='word_1_67' title='bbox 968 728 1216 768; x_wconf 83' lang='lat' dir='ltr'>substantiva</span> <span class='ocrx_word' id='word_1_68' title='bbox 1246 734 1352 770; x_wconf 81' lang='lat' dir='ltr'>sunt:</span> <span class='ocrx_word' id='word_1_69' title='bbox 1404 729 1478 767; x_wconf 83' lang='lat' dir='ltr'>fas</span> <span class='ocrx_word' id='word_1_70' title='bbox 1510 728 1556 768; x_wconf 88' lang='lat' dir='ltr'>G.</span> <span class='ocrx_word' id='word_1_71' title='bbox 1589 731 1632 767; x_wconf 81' lang='lat'>6:</span> <span class='ocrx_word' id='word_1_72' title='bbox 1680 742 1752 768; x_wconf 87' lang='lat' dir='ltr'>nec</span> <span class='ocrx_word' id='word_1_73' title='bbox 1784 734 1851 767; x_wconf 89' lang='lat' dir='ltr'>aut</span> 
     </span>
     <span class='ocr_line' id='line_1_10' title="bbox 288 794 1851 845; baseline 0 -13"><span class='ocrx_word' id='word_1_74' title='bbox 288 796 409 832; x_wconf 88' lang='lat' dir='ltr'>saeris</span> <span class='ocrx_word' id='word_1_75' title='bbox 439 795 581 832; x_wconf 85' lang='lat' dir='ltr'>adesse</span> <span class='ocrx_word' id='word_1_76' title='bbox 613 800 679 831; x_wconf 86' lang='lat' dir='ltr'>aut</span> <span class='ocrx_word' id='word_1_77' title='bbox 710 794 914 831; x_wconf 81' lang='lat' dir='ltr'>concilium</span> <span class='ocrx_word' id='word_1_78' title='bbox 945 795 1042 831; x_wconf 89' lang='lat' dir='ltr'>inire</span> <span class='ocrx_word' id='word_1_79' title='bbox 1073 796 1330 844; x_wconf 88' lang='lat' dir='ltr'>ignominioso</span> <span class='ocrx_word' id='word_1_80' title='bbox 1361 795 1446 843; x_wconf 60' lang='lat' dir='ltr'>fas„</span> <span class='ocrx_word' id='word_1_81' title='bbox 1497 797 1598 842; x_wconf 76' lang='lat'>1,77:</span> <span class='ocrx_word' id='word_1_82' title='bbox 1632 808 1708 845; x_wconf 89' lang='lat' dir='ltr'>qua</span> <span class='ocrx_word' id='word_1_83' title='bbox 1738 795 1851 832; x_wconf 90' lang='lat' dir='ltr'>divus</span> 
     </span>
     <span class='ocr_line' id='line_1_11' title="bbox 288 858 1850 910; baseline 0 -13"><span class='ocrx_word' id='word_1_84' title='bbox 288 861 491 910; x_wconf 82' lang='lat' dir='ltr'>Augustus</span> <span class='ocrx_word' id='word_1_85' title='bbox 522 858 793 909; x_wconf 79' lang='lat' dir='ltr'>responderat,</span> <span class='ocrx_word' id='word_1_86' title='bbox 824 872 951 910; x_wconf 84' lang='lat' dir='ltr'>neque</span> <span class='ocrx_word' id='word_1_87' title='bbox 983 859 1042 896; x_wconf 84' lang='lat' dir='ltr'>fas</span> <span class='ocrx_word' id='word_1_88' title='bbox 1065 859 1223 898; x_wconf 90' lang='lat' dir='ltr'>Tiberio</span> <span class='ocrx_word' id='word_1_89' title='bbox 1256 860 1467 910; x_wconf 82' lang='lat' dir='ltr'>infringere</span> <span class='ocrx_word' id='word_1_90' title='bbox 1499 860 1604 897; x_wconf 84' lang='lat' dir='ltr'>dicta</span> <span class='ocrx_word' id='word_1_91' title='bbox 1634 861 1730 897; x_wconf 85' lang='lat' dir='ltr'>eius.</span> <span class='ocrx_word' id='word_1_92' title='bbox 1793 859 1850 897; x_wconf 77' lang='lat' dir='ltr'>Ex</span> 
     </span>
     <span class='ocr_line' id='line_1_12' title="bbox 289 917 1850 975; baseline -0.001 -12"><span class='ocrx_word' id='word_1_93' title='bbox 289 926 410 963; x_wconf 86' lang='lat' dir='ltr'>verbo</span> <span class='ocrx_word' id='word_1_94' title='bbox 429 924 678 962; x_wconf 72' lang='lat' dir='ltr'>antecedenti</span> <span class='ocrx_word' id='word_1_95' title='bbox 701 917 1003 974; x_wconf 76' lang='lat' dir='ltr'>„responderat“</span> <span class='ocrx_word' id='word_1_96' title='bbox 1025 926 1160 975; x_wconf 80' lang='lat' dir='ltr'>copula</span> <span class='ocrx_word' id='word_1_97' title='bbox 1179 926 1323 963; x_wconf 91' lang='lat' dir='ltr'>omissa</span> <span class='ocrx_word' id='word_1_98' title='bbox 1357 929 1487 971; x_wconf 75' lang='lat' dir='ltr'>„erat“</span> <span class='ocrx_word' id='word_1_99' title='bbox 1521 926 1635 963; x_wconf 79' lang='lat' dir='ltr'>facile</span> <span class='ocrx_word' id='word_1_100' title='bbox 1666 925 1850 963; x_wconf 88' lang='lat' dir='ltr'>subaudi-</span> 
     </span>
     <span class='ocr_line' id='line_1_13' title="bbox 286 989 1850 1041; baseline 0 -13"><span class='ocrx_word' id='word_1_101' title='bbox 286 997 358 1028; x_wconf 90' lang='lat' dir='ltr'>tur.</span> <span class='ocrx_word' id='word_1_102' title='bbox 419 990 639 1028; x_wconf 89' lang='lat' dir='ltr'>Infinitivus</span> <span class='ocrx_word' id='word_1_103' title='bbox 671 1002 759 1027; x_wconf 92' lang='lat' dir='ltr'>esse</span> <span class='ocrx_word' id='word_1_104' title='bbox 788 989 900 1027; x_wconf 86' lang='lat' dir='ltr'>deest</span> <span class='ocrx_word' id='word_1_105' title='bbox 929 990 1033 1040; x_wconf 87' lang='lat' dir='ltr'>apud</span> <span class='ocrx_word' id='word_1_106' title='bbox 1065 991 1122 1028; x_wconf 88' lang='lat' dir='ltr'>fas</span> <span class='ocrx_word' id='word_1_107' title='bbox 1159 993 1260 1038; x_wconf 74' lang='lat'>1,77;</span> <span class='ocrx_word' id='word_1_108' title='bbox 1294 992 1394 1038; x_wconf 79' lang='lat'>3,17.</span> <span class='ocrx_word' id='word_1_109' title='bbox 1454 991 1588 1028; x_wconf 88' lang='lat' dir='ltr'>Posita</span> <span class='ocrx_word' id='word_1_110' title='bbox 1618 996 1677 1028; x_wconf 89' lang='lat' dir='ltr'>est</span> <span class='ocrx_word' id='word_1_111' title='bbox 1708 991 1850 1041; x_wconf 84' lang='lat' dir='ltr'>copula</span> 
     </span>
     <span class='ocr_line' id='line_1_14' title="bbox 288 1055 1846 1106; baseline -0.001 -13"><span class='ocrx_word' id='word_1_112' title='bbox 288 1056 320 1093; x_wconf 81' lang='lat' dir='ltr'>D</span> <span class='ocrx_word' id='word_1_113' title='bbox 354 1058 424 1104; x_wconf 68' lang='lat'>263</span> <span class='ocrx_word' id='word_1_114' title='bbox 456 1057 526 1102; x_wconf 82' lang='lat'>36;</span> <span class='ocrx_word' id='word_1_115' title='bbox 563 1055 599 1092; x_wconf 83' lang='lat' dir='ltr'>A</span> <span class='ocrx_word' id='word_1_116' title='bbox 631 1058 697 1103; x_wconf 68' lang='lat'>463</span> <span class='ocrx_word' id='word_1_117' title='bbox 749 1055 817 1103; x_wconf 80' lang='lat' dir='ltr'>IV,</span> <span class='ocrx_word' id='word_1_118' title='bbox 849 1057 898 1092; x_wconf 81' lang='lat'>58</span> <span class='ocrx_word' id='word_1_119' title='bbox 948 1057 1001 1104; x_wconf 90' lang='lat' dir='ltr'>(in</span> <span class='ocrx_word' id='word_1_120' title='bbox 1035 1057 1237 1097; x_wconf 81' lang='lat' dir='ltr'>oratione).</span> <span class='ocrx_word' id='word_1_121' title='bbox 1299 1055 1356 1094; x_wconf 85' lang='lat' dir='ltr'>Cf.</span> <span class='ocrx_word' id='word_1_122' title='bbox 1395 1057 1509 1106; x_wconf 85' lang='lat' dir='ltr'>Verg.</span> <span class='ocrx_word' id='word_1_123' title='bbox 1541 1057 1637 1094; x_wconf 89' lang='lat' dir='ltr'>Aen.</span> <span class='ocrx_word' id='word_1_124' title='bbox 1693 1056 1720 1103; x_wconf 92' lang='grc' dir='ltr'>Ι,</span> <span class='ocrx_word' id='word_1_125' title='bbox 1752 1058 1846 1103; x_wconf 81' lang='lat'>2063</span> 
     </span>
     <span class='ocr_line' id='line_1_15' title="bbox 290 1120 1842 1173; baseline -0.001 -14"><span class='ocrx_word' id='word_1_126' title='bbox 290 1121 337 1170; x_wconf 87' lang='grc' dir='ltr'>ΙΙ,</span> <span class='ocrx_word' id='word_1_127' title='bbox 375 1122 466 1165; x_wconf 83' lang='grc'>157;</span> <span class='ocrx_word' id='word_1_128' title='bbox 499 1122 594 1169; x_wconf 79' lang='lat'>4023</span> <span class='ocrx_word' id='word_1_129' title='bbox 627 1122 721 1169; x_wconf 77' lang='lat'>7793</span> <span class='ocrx_word' id='word_1_130' title='bbox 756 1120 821 1168; x_wconf 80' lang='lat' dir='ltr'>IV,</span> <span class='ocrx_word' id='word_1_131' title='bbox 859 1123 950 1169; x_wconf 82' lang='lat'>1133</span> <span class='ocrx_word' id='word_1_132' title='bbox 987 1121 1050 1167; x_wconf 87' lang='lat' dir='ltr'>VI,</span> <span class='ocrx_word' id='word_1_133' title='bbox 1083 1123 1169 1159; x_wconf 78' lang='lat'>563.</span> <span class='ocrx_word' id='word_1_134' title='bbox 1232 1121 1491 1173; x_wconf 80' lang='lat' dir='ltr'>flagitium</span> <span class='ocrx_word' id='word_1_135' title='bbox 1523 1121 1568 1160; x_wconf 86' lang='lat' dir='ltr'>G.</span> <span class='ocrx_word' id='word_1_136' title='bbox 1603 1123 1643 1159; x_wconf 78' lang='lat'>6:</span> <span class='ocrx_word' id='word_1_137' title='bbox 1690 1126 1842 1158; x_wconf 87' lang='lat' dir='ltr'>scutum</span> 
     </span>
     <span class='ocr_line' id='line_1_16' title="bbox 286 1187 1845 1238; baseline -0.001 -14"><span class='ocrx_word' id='word_1_138' title='bbox 286 1188 489 1238; x_wconf 84' lang='lat' dir='ltr'>reliquisse</span> <span class='ocrx_word' id='word_1_139' title='bbox 522 1188 774 1237; x_wconf 88' lang='lat' dir='ltr'>praecipuum</span> <span class='ocrx_word' id='word_1_140' title='bbox 823 1187 1024 1237; x_wconf 84' lang='lat' dir='ltr'>flagitium.</span> <span class='ocrx_word' id='word_1_141' title='bbox 1085 1187 1182 1225; x_wconf 89' lang='lat' dir='ltr'>Cum</span> <span class='ocrx_word' id='word_1_142' title='bbox 1231 1190 1400 1238; x_wconf 87' lang='lat' dir='ltr'>empsasi</span> <span class='ocrx_word' id='word_1_143' title='bbox 1448 1188 1552 1225; x_wconf 75' lang='lat' dir='ltr'>dicta</span> <span class='ocrx_word' id='word_1_144' title='bbox 1596 1193 1656 1225; x_wconf 88' lang='lat' dir='ltr'>est</span> <span class='ocrx_word' id='word_1_145' title='bbox 1705 1188 1845 1237; x_wconf 87' lang='lat' dir='ltr'>copula</span> 
     </span>
     <span class='ocr_line' id='line_1_17' title="bbox 289 1251 1846 1304; baseline 0 -15"><span class='ocrx_word' id='word_1_146' title='bbox 289 1254 421 1299; x_wconf 72' lang='lat'>14,14:</span> <span class='ocrx_word' id='word_1_147' title='bbox 467 1265 555 1289; x_wconf 89' lang='lat' dir='ltr'>nam</span> <span class='ocrx_word' id='word_1_148' title='bbox 599 1252 752 1289; x_wconf 88' lang='lat' dir='ltr'>eteius</span> <span class='ocrx_word' id='word_1_149' title='bbox 782 1252 973 1303; x_wconf 82' lang='lat' dir='ltr'>flagitium</span> <span class='ocrx_word' id='word_1_150' title='bbox 1017 1260 1087 1301; x_wconf 86' lang='lat' dir='ltr'>est,</span> <span class='ocrx_word' id='word_1_151' title='bbox 1130 1252 1194 1290; x_wconf 89' lang='lat' dir='ltr'>ubi</span> <span class='ocrx_word' id='word_1_152' title='bbox 1239 1253 1405 1304; x_wconf 85' lang='lat' dir='ltr'>scriptor</span> <span class='ocrx_word' id='word_1_153' title='bbox 1435 1265 1545 1291; x_wconf 90' lang='lat' dir='ltr'>suum</span> <span class='ocrx_word' id='word_1_154' title='bbox 1596 1253 1717 1304; x_wconf 90' lang='lat' dir='ltr'>ipsius</span> <span class='ocrx_word' id='word_1_155' title='bbox 1749 1251 1846 1289; x_wconf 89' lang='lat' dir='ltr'>iudi-</span> 
     </span>
     <span class='ocr_line' id='line_1_18' title="bbox 284 1317 1847 1369; baseline -0.001 -14"><span class='ocrx_word' id='word_1_156' title='bbox 284 1319 384 1355; x_wconf 89' lang='lat' dir='ltr'>cium</span> <span class='ocrx_word' id='word_1_157' title='bbox 418 1318 465 1355; x_wconf 92' lang='lat' dir='ltr'>de</span> <span class='ocrx_word' id='word_1_158' title='bbox 495 1318 613 1355; x_wconf 84' lang='lat' dir='ltr'>foedo</span> <span class='ocrx_word' id='word_1_159' title='bbox 635 1318 764 1355; x_wconf 86' lang='lat' dir='ltr'>studio</span> <span class='ocrx_word' id='word_1_160' title='bbox 789 1317 955 1356; x_wconf 85' lang='lat' dir='ltr'>Neronis</span> <span class='ocrx_word' id='word_1_161' title='bbox 976 1331 1062 1355; x_wconf 91' lang='lat' dir='ltr'>cum</span> <span class='ocrx_word' id='word_1_162' title='bbox 1083 1320 1275 1368; x_wconf 82' lang='lat' dir='ltr'>gravitate</span> <span class='ocrx_word' id='word_1_163' title='bbox 1301 1319 1460 1369; x_wconf 79' lang='lat' dir='ltr'>profert</span> <span class='ocrx_word' id='word_1_164' title='bbox 1523 1319 1672 1355; x_wconf 90' lang='lat' dir='ltr'>rubor</span> <span class='ocrx_word' id='word_1_165' title='bbox 1702 1317 1737 1354; x_wconf 78' lang='lat' dir='ltr'>G</span> <span class='ocrx_word' id='word_1_166' title='bbox 1779 1318 1847 1354; x_wconf 85' lang='lat'>13:</span> 
     </span>
     <span class='ocr_line' id='line_1_19' title="bbox 287 1381 1849 1433; baseline -0.001 -14"><span class='ocrx_word' id='word_1_167' title='bbox 287 1395 359 1419; x_wconf 84' lang='lat' dir='ltr'>nec</span> <span class='ocrx_word' id='word_1_168' title='bbox 389 1382 507 1419; x_wconf 90' lang='lat' dir='ltr'>rubor</span> <span class='ocrx_word' id='word_1_169' title='bbox 552 1383 653 1419; x_wconf 88' lang='lat' dir='ltr'>inter</span> <span class='ocrx_word' id='word_1_170' title='bbox 697 1382 860 1419; x_wconf 87' lang='lat' dir='ltr'>comites</span> <span class='ocrx_word' id='word_1_171' title='bbox 903 1383 1037 1432; x_wconf 84' lang='lat' dir='ltr'>aspici.</span> <span class='ocrx_word' id='word_1_172' title='bbox 1098 1382 1157 1419; x_wconf 86' lang='lat' dir='ltr'>Cf.</span> <span class='ocrx_word' id='word_1_173' title='bbox 1209 1384 1339 1429; x_wconf 85' lang='lat'><strong>11‚17:</strong></span> <span class='ocrx_word' id='word_1_174' title='bbox 1385 1395 1454 1420; x_wconf 87' lang='lat' dir='ltr'>nec</span> <span class='ocrx_word' id='word_1_175' title='bbox 1500 1387 1649 1433; x_wconf 87' lang='lat' dir='ltr'>patrem</span> <span class='ocrx_word' id='word_1_176' title='bbox 1707 1381 1849 1428; x_wconf 87' lang='lat' dir='ltr'>rubori,</span> 
     </span>
     <span class='ocr_line' id='line_1_20' title="bbox 284 1447 1844 1498; baseline -0.001 -14"><span class='ocrx_word' id='word_1_177' title='bbox 284 1448 468 1498; x_wconf 83' lang='lat' dir='ltr'>quoloco</span> <span class='ocrx_word' id='word_1_178' title='bbox 500 1447 712 1484; x_wconf 87' lang='lat' dir='ltr'>infinitivus</span> <span class='ocrx_word' id='word_1_179' title='bbox 743 1460 831 1484; x_wconf 86' lang='lat' dir='ltr'>esse</span> <span class='ocrx_word' id='word_1_180' title='bbox 877 1448 1063 1485; x_wconf 89' lang='lat' dir='ltr'>omissum</span> <span class='ocrx_word' id='word_1_181' title='bbox 1111 1455 1180 1485; x_wconf 87' lang='lat' dir='ltr'>est.</span> <span class='ocrx_word' id='word_1_182' title='bbox 1243 1449 1295 1485; x_wconf 82' lang='lat' dir='ltr'>At</span> <span class='ocrx_word' id='word_1_183' title='bbox 1345 1449 1515 1498; x_wconf 88' lang='lat' dir='ltr'>positum</span> <span class='ocrx_word' id='word_1_184' title='bbox 1560 1452 1620 1497; x_wconf 81' lang='lat' dir='ltr'>est</span> <span class='ocrx_word' id='word_1_185' title='bbox 1665 1447 1844 1484; x_wconf 87' lang='lat' dir='ltr'>verbum:</span> 
     </span>
     <span class='ocr_line' id='line_1_21' title="bbox 288 1510 1846 1563; baseline -0.001 -14"><span class='ocrx_word' id='word_1_186' title='bbox 288 1514 420 1559; x_wconf 75' lang='lat'>14,55:</span> <span class='ocrx_word' id='word_1_187' title='bbox 457 1511 583 1557; x_wconf 75' lang='lat' dir='ltr'>„unde</span> <span class='ocrx_word' id='word_1_188' title='bbox 614 1512 733 1549; x_wconf 90' lang='lat' dir='ltr'>etiam</span> <span class='ocrx_word' id='word_1_189' title='bbox 762 1511 855 1548; x_wconf 93' lang='lat' dir='ltr'>mihi</span> <span class='ocrx_word' id='word_1_190' title='bbox 888 1512 1018 1549; x_wconf 87' lang='lat' dir='ltr'>rubori</span> <span class='ocrx_word' id='word_1_191' title='bbox 1040 1515 1123 1550; x_wconf 70' lang='lat' dir='ltr'>est‘*</span> <span class='ocrx_word' id='word_1_192' title='bbox 1159 1514 1195 1550; x_wconf 93' lang='lat' dir='ltr'>in</span> <span class='ocrx_word' id='word_1_193' title='bbox 1218 1513 1404 1550; x_wconf 73' lang='lat' dir='ltr'>oratione.</span> <span class='ocrx_word' id='word_1_194' title='bbox 1466 1512 1694 1563; x_wconf 87' lang='lat' dir='ltr'>probrum</span> <span class='ocrx_word' id='word_1_195' title='bbox 1724 1510 1846 1552; x_wconf 59' lang='lat'>0:252:</span> 
     </span>
     <span class='ocr_line' id='line_1_22' title="bbox 285 1567 1858 1628; baseline -0.002 -13"><span class='ocrx_word' id='word_1_196' title='bbox 285 1578 388 1615; x_wconf 86' lang='lat' dir='ltr'>diem</span> <span class='ocrx_word' id='word_1_197' title='bbox 421 1567 653 1627; x_wconf 58' lang='lat' dir='ltr'>noctemque</span> <span class='ocrx_word' id='word_1_198' title='bbox 685 1578 911 1614; x_wconf 82' lang='lat' dir='ltr'>continuare</span> <span class='ocrx_word' id='word_1_199' title='bbox 942 1577 1113 1628; x_wconf 86' lang='lat' dir='ltr'>potando</span> <span class='ocrx_word' id='word_1_200' title='bbox 1163 1578 1252 1615; x_wconf 88' lang='lat' dir='ltr'>nulli</span> <span class='ocrx_word' id='word_1_201' title='bbox 1304 1578 1488 1628; x_wconf 85' lang='lat' dir='ltr'>probrum</span> <span class='ocrx_word' id='word_1_202' title='bbox 1559 1578 1665 1614; x_wconf 83' lang='lat' dir='ltr'>laus</span> <span class='ocrx_word' id='word_1_203' title='bbox 1698 1576 1743 1614; x_wconf 82' lang='lat' dir='ltr'>G.</span> <span class='ocrx_word' id='word_1_204' title='bbox 1778 1577 1858 1613; x_wconf 78' lang='lat'>32:</span> 
     </span>
     <span class='ocr_line' id='line_1_23' title="bbox 282 1640 1844 1694; baseline -0.001 -14"><span class='ocrx_word' id='word_1_205' title='bbox 282 1655 352 1680; x_wconf 87' lang='lat' dir='ltr'>nec</span> <span class='ocrx_word' id='word_1_206' title='bbox 383 1643 504 1680; x_wconf 86' lang='lat' dir='ltr'>maior</span> <span class='ocrx_word' id='word_1_207' title='bbox 535 1641 638 1692; x_wconf 82' lang='lat' dir='ltr'>apud</span> <span class='ocrx_word' id='word_1_208' title='bbox 679 1640 844 1680; x_wconf 83' lang='lat' dir='ltr'>Chattos</span> <span class='ocrx_word' id='word_1_209' title='bbox 889 1642 1065 1693; x_wconf 87' lang='lat' dir='ltr'>peditum</span> <span class='ocrx_word' id='word_1_210' title='bbox 1114 1643 1196 1680; x_wconf 88' lang='lat' dir='ltr'>laus</span> <span class='ocrx_word' id='word_1_211' title='bbox 1242 1656 1357 1694; x_wconf 85' lang='lat' dir='ltr'>quam</span> <span class='ocrx_word' id='word_1_212' title='bbox 1405 1642 1608 1680; x_wconf 88' lang='lat' dir='ltr'>Tencteris</span> <span class='ocrx_word' id='word_1_213' title='bbox 1659 1642 1844 1693; x_wconf 88' lang='lat' dir='ltr'>equitum.</span> 
     </span>
     <span class='ocr_line' id='line_1_24' title="bbox 282 1707 1845 1759; baseline -0.001 -13"><span class='ocrx_word' id='word_1_214' title='bbox 282 1709 419 1746; x_wconf 86' lang='lat' dir='ltr'>venia</span> <span class='ocrx_word' id='word_1_215' title='bbox 453 1707 496 1745; x_wconf 89' lang='lat' dir='ltr'>G.</span> <span class='ocrx_word' id='word_1_216' title='bbox 536 1709 600 1746; x_wconf 86' lang='lat'>19:</span> <span class='ocrx_word' id='word_1_217' title='bbox 632 1707 854 1758; x_wconf 84' lang='lat' dir='ltr'>publicatae</span> <span class='ocrx_word' id='word_1_218' title='bbox 887 1709 989 1745; x_wconf 90' lang='lat' dir='ltr'>enim</span> <span class='ocrx_word' id='word_1_219' title='bbox 1020 1708 1232 1759; x_wconf 82' lang='lat' dir='ltr'>pudicitiae</span> <span class='ocrx_word' id='word_1_220' title='bbox 1256 1709 1358 1746; x_wconf 79' lang='lat' dir='ltr'>nulla</span> <span class='ocrx_word' id='word_1_221' title='bbox 1376 1709 1500 1746; x_wconf 70' lang='lat' dir='ltr'>venia,</span> <span class='ocrx_word' id='word_1_222' title='bbox 1561 1720 1694 1746; x_wconf 89' lang='lat' dir='ltr'>mora</span> <span class='ocrx_word' id='word_1_223' title='bbox 1724 1708 1845 1745; x_wconf 91' lang='lat' dir='ltr'>omni-</span> 
     </span>
     <span class='ocr_line' id='line_1_25' title="bbox 284 1773 1845 1824; baseline -0.001 -14"><span class='ocrx_word' id='word_1_224' title='bbox 284 1774 353 1810; x_wconf 90' lang='lat' dir='ltr'>bus</span> <span class='ocrx_word' id='word_1_225' title='bbox 385 1774 478 1810; x_wconf 89' lang='lat' dir='ltr'>locis</span> <span class='ocrx_word' id='word_1_226' title='bbox 510 1786 596 1809; x_wconf 85' lang='lat' dir='ltr'>cum</span> <span class='ocrx_word' id='word_1_227' title='bbox 627 1774 836 1823; x_wconf 88' lang='lat' dir='ltr'>negatione</span> <span class='ocrx_word' id='word_1_228' title='bbox 867 1774 994 1824; x_wconf 81' lang='lat' dir='ltr'>aliqua</span> <span class='ocrx_word' id='word_1_229' title='bbox 1026 1775 1109 1810; x_wconf 89' lang='lat' dir='ltr'>sine</span> <span class='ocrx_word' id='word_1_230' title='bbox 1141 1774 1261 1810; x_wconf 88' lang='lat' dir='ltr'>verbo</span> <span class='ocrx_word' id='word_1_231' title='bbox 1285 1775 1436 1824; x_wconf 80' lang='lat' dir='ltr'>legitur.</span> <span class='ocrx_word' id='word_1_232' title='bbox 1499 1773 1551 1810; x_wconf 83' lang='lat' dir='ltr'>Cf</span> <span class='ocrx_word' id='word_1_233' title='bbox 1582 1773 1612 1820; x_wconf 93' lang='grc' dir='ltr'>Ι,</span> <span class='ocrx_word' id='word_1_234' title='bbox 1634 1775 1705 1818; x_wconf 81' lang='grc'>59;</span> <span class='ocrx_word' id='word_1_235' title='bbox 1737 1774 1845 1820; x_wconf 81' lang='grc'>4,70;</span> 
     </span>
     <span class='ocr_line' id='line_1_26' title="bbox 287 1837 1470 1889; baseline 0.001 -14"><span class='ocrx_word' id='word_1_236' title='bbox 287 1840 418 1887; x_wconf 74' lang='grc' dir='ltr'>13,4ἴ);</span> <span class='ocrx_word' id='word_1_237' title='bbox 450 1838 500 1886; x_wconf 88' lang='grc' dir='ltr'>ΙΙ,</span> <span class='ocrx_word' id='word_1_238' title='bbox 536 1838 594 1876; x_wconf 86' lang='grc'>14.</span> <span class='ocrx_word' id='word_1_239' title='bbox 654 1837 756 1875; x_wconf 90' lang='lat' dir='ltr'>Item</span> <span class='ocrx_word' id='word_1_240' title='bbox 787 1838 890 1889; x_wconf 86' lang='lat' dir='ltr'>apud</span> <span class='ocrx_word' id='word_1_241' title='bbox 922 1843 1059 1889; x_wconf 84' lang='lat' dir='ltr'>poetas</span> <span class='ocrx_word' id='word_1_242' title='bbox 1130 1837 1189 1876; x_wconf 83' lang='lat' dir='ltr'>Cf.</span> <span class='ocrx_word' id='word_1_243' title='bbox 1223 1838 1330 1876; x_wconf 88' lang='lat' dir='ltr'>Plew</span> <span class='ocrx_word' id='word_1_244' title='bbox 1363 1852 1398 1889; x_wconf 89' lang='lat' dir='ltr'>p.</span> <span class='ocrx_word' id='word_1_245' title='bbox 1433 1841 1470 1876; x_wconf 87' lang='grc'>5.</span> 
     </span>
    </p>

    <p class='ocr_par' dir='ltr' id='par_1_3' title="bbox 276 1902 1846 2343">
     <span class='ocr_line' id='line_1_27' title="bbox 411 1902 1846 1954; baseline -0.001 -14"><span class='ocrx_word' id='word_1_246' title='bbox 411 1903 540 1940; x_wconf 87' lang='lat' dir='ltr'>Etiam</span> <span class='ocrx_word' id='word_1_247' title='bbox 571 1903 760 1941; x_wconf 83' lang='lat' dir='ltr'>vocabulo</span> <span class='ocrx_word' id='word_1_248' title='bbox 796 1903 921 1940; x_wconf 88' lang='lat' dir='ltr'>fides</span> <span class='ocrx_word' id='word_1_249' title='bbox 952 1917 975 1939; x_wconf 85' lang='lat' dir='ltr'>v</span> <span class='ocrx_word' id='word_1_250' title='bbox 1020 1918 1049 1941; x_wconf 85' lang='lat' dir='ltr'>s.</span> <span class='ocrx_word' id='word_1_251' title='bbox 1084 1917 1277 1954; x_wconf 89' lang='lat' dir='ltr'>nunquam</span> <span class='ocrx_word' id='word_1_252' title='bbox 1309 1911 1369 1940; x_wconf 76' lang='lat' dir='ltr'>est</span> <span class='ocrx_word' id='word_1_253' title='bbox 1406 1903 1652 1941; x_wconf 84' lang='lat' dir='ltr'>adiunctum:</span> <span class='ocrx_word' id='word_1_254' title='bbox 1692 1902 1737 1940; x_wconf 84' lang='lat' dir='ltr'>G.</span> <span class='ocrx_word' id='word_1_255' title='bbox 1778 1904 1846 1938; x_wconf 89' lang='lat'>10:</span> 
     </span>
     <span class='ocr_line' id='line_1_28' title="bbox 279 1967 1843 2020; baseline -0.001 -15"><span class='ocrx_word' id='word_1_256' title='bbox 279 1980 351 2005; x_wconf 89' lang='lat' dir='ltr'>nec</span> <span class='ocrx_word' id='word_1_257' title='bbox 381 1968 447 2005; x_wconf 85' lang='lat' dir='ltr'>ulli</span> <span class='ocrx_word' id='word_1_258' title='bbox 479 1968 653 2019; x_wconf 88' lang='lat' dir='ltr'>auspicio</span> <span class='ocrx_word' id='word_1_259' title='bbox 684 1968 806 2006; x_wconf 87' lang='lat' dir='ltr'>maior</span> <span class='ocrx_word' id='word_1_260' title='bbox 836 1968 949 2015; x_wconf 79' lang='lat' dir='ltr'>fides;</span> <span class='ocrx_word' id='word_1_261' title='bbox 1002 1968 1046 2006; x_wconf 82' lang='lat' dir='ltr'>G.</span> <span class='ocrx_word' id='word_1_262' title='bbox 1081 1971 1151 2006; x_wconf 79' lang='lat'>45:</span> <span class='ocrx_word' id='word_1_263' title='bbox 1182 1982 1257 2020; x_wconf 93' lang='lat' dir='ltr'>quo</span> <span class='ocrx_word' id='word_1_264' title='bbox 1289 1969 1389 2019; x_wconf 81' lang='lat' dir='ltr'>cingi</span> <span class='ocrx_word' id='word_1_265' title='bbox 1420 1967 1600 2019; x_wconf 86' lang='lat' dir='ltr'>cludique</span> <span class='ocrx_word' id='word_1_266' title='bbox 1645 1974 1843 2004; x_wconf 87' lang='lat' dir='ltr'>terrarum</span> 
     </span>
     <span class='ocr_line' id='line_1_29' title="bbox 281 2033 1845 2084; baseline -0.001 -14"><span class='ocrx_word' id='word_1_267' title='bbox 281 2033 416 2070; x_wconf 86' lang='lat' dir='ltr'>orbem</span> <span class='ocrx_word' id='word_1_268' title='bbox 449 2033 538 2070; x_wconf 85' lang='lat' dir='ltr'>hinc</span> <span class='ocrx_word' id='word_1_269' title='bbox 567 2033 677 2081; x_wconf 79' lang='lat' dir='ltr'>fides,</span> <span class='ocrx_word' id='word_1_270' title='bbox 708 2033 832 2084; x_wconf 74' lang='lat' dir='ltr'>quod3</span> <span class='ocrx_word' id='word_1_271' title='bbox 865 2034 893 2079; x_wconf 88' lang='grc' dir='ltr'>Ι,</span> <span class='ocrx_word' id='word_1_272' title='bbox 911 2035 983 2071; x_wconf 84' lang='grc'>56;</span> <span class='ocrx_word' id='word_1_273' title='bbox 1016 2047 1088 2071; x_wconf 85' lang='lat' dir='ltr'>nec</span> <span class='ocrx_word' id='word_1_274' title='bbox 1120 2035 1298 2084; x_wconf 81' lang='lat' dir='ltr'>cuiquam</span> <span class='ocrx_word' id='word_1_275' title='bbox 1328 2035 1428 2071; x_wconf 82' lang='lat' dir='ltr'>ultra</span> <span class='ocrx_word' id='word_1_276' title='bbox 1458 2034 1571 2082; x_wconf 82' lang='lat' dir='ltr'>fides;</span> <span class='ocrx_word' id='word_1_277' title='bbox 1622 2034 1651 2081; x_wconf 92' lang='grc' dir='ltr'>Ι,</span> <span class='ocrx_word' id='word_1_278' title='bbox 1674 2035 1739 2071; x_wconf 89' lang='lat'>70:</span> <span class='ocrx_word' id='word_1_279' title='bbox 1773 2045 1845 2070; x_wconf 89' lang='lat' dir='ltr'>nec</span> 
     </span>
     <span class='ocr_line' id='line_1_30' title="bbox 277 2097 1841 2150; baseline 0.001 -15"><span class='ocrx_word' id='word_1_280' title='bbox 277 2097 374 2136; x_wconf 85' lang='lat' dir='ltr'>fides</span> <span class='ocrx_word' id='word_1_281' title='bbox 406 2098 559 2143; x_wconf 83' lang='lat' dir='ltr'>salutis;</span> <span class='ocrx_word' id='word_1_282' title='bbox 594 2098 621 2146; x_wconf 90' lang='grc' dir='ltr'>Ι,</span> <span class='ocrx_word' id='word_1_283' title='bbox 651 2099 722 2136; x_wconf 78' lang='lat'>87:</span> <span class='ocrx_word' id='word_1_284' title='bbox 754 2098 824 2136; x_wconf 88' lang='lat' dir='ltr'>sed</span> <span class='ocrx_word' id='word_1_285' title='bbox 855 2099 1019 2150; x_wconf 82' lang='lat' dir='ltr'>plurima.</span> <span class='ocrx_word' id='word_1_286' title='bbox 1050 2098 1146 2137; x_wconf 85' lang='lat' dir='ltr'>fides</span> <span class='ocrx_word' id='word_1_287' title='bbox 1181 2099 1329 2137; x_wconf 83' lang='lat' dir='ltr'>Licinio</span> <span class='ocrx_word' id='word_1_288' title='bbox 1353 2098 1538 2147; x_wconf 81' lang='lat' dir='ltr'>Proculo;</span> <span class='ocrx_word' id='word_1_289' title='bbox 1584 2098 1630 2148; x_wconf 88' lang='grc' dir='ltr'>ΙΙ,</span> <span class='ocrx_word' id='word_1_290' title='bbox 1661 2100 1707 2137; x_wconf 83' lang='grc'>8;</span> <span class='ocrx_word' id='word_1_291' title='bbox 1738 2097 1841 2136; x_wconf 85' lang='lat' dir='ltr'>unde</span> 
     </span>
     <span class='ocr_line' id='line_1_31' title="bbox 276 2163 1838 2214; baseline 0.001 -14"><span class='ocrx_word' id='word_1_292' title='bbox 276 2164 330 2201; x_wconf 84' lang='lat' dir='ltr'>illi</span> <span class='ocrx_word' id='word_1_293' title='bbox 361 2165 519 2214; x_wconf 91' lang='lat' dir='ltr'>propior</span> <span class='ocrx_word' id='word_1_294' title='bbox 549 2164 597 2201; x_wconf 86' lang='lat' dir='ltr'>ad</span> <span class='ocrx_word' id='word_1_295' title='bbox 628 2164 841 2201; x_wconf 83' lang='lat' dir='ltr'>fallendum</span> <span class='ocrx_word' id='word_1_296' title='bbox 871 2164 989 2210; x_wconf 81' lang='lat' dir='ltr'>fides;</span> <span class='ocrx_word' id='word_1_297' title='bbox 1025 2164 1072 2211; x_wconf 86' lang='grc' dir='ltr'>ΙΙ,</span> <span class='ocrx_word' id='word_1_298' title='bbox 1103 2165 1173 2202; x_wconf 84' lang='grc'>33;</span> <span class='ocrx_word' id='word_1_299' title='bbox 1214 2165 1274 2201; x_wconf 87' lang='lat' dir='ltr'>cui</span> <span class='ocrx_word' id='word_1_300' title='bbox 1306 2165 1369 2201; x_wconf 92' lang='lat' dir='ltr'>uni</span> <span class='ocrx_word' id='word_1_301' title='bbox 1401 2164 1504 2214; x_wconf 92' lang='lat' dir='ltr'>apud</span> <span class='ocrx_word' id='word_1_302' title='bbox 1532 2164 1697 2201; x_wconf 90' lang='lat' dir='ltr'>militem</span> <span class='ocrx_word' id='word_1_303' title='bbox 1727 2163 1838 2201; x_wconf 79' lang='lat' dir='ltr'>fides.</span> 
     </span>
     <span class='ocr_line' id='line_1_32' title="bbox 279 2227 1839 2279; baseline 0.001 -14"><span class='ocrx_word' id='word_1_304' title='bbox 279 2227 337 2265; x_wconf 83' lang='lat' dir='ltr'>Cf.</span> <span class='ocrx_word' id='word_1_305' title='bbox 380 2228 497 2279; x_wconf 87' lang='lat' dir='ltr'>Verg.</span> <span class='ocrx_word' id='word_1_306' title='bbox 549 2229 646 2266; x_wconf 89' lang='lat' dir='ltr'>Aen.</span> <span class='ocrx_word' id='word_1_307' title='bbox 699 2228 764 2276; x_wconf 72' lang='lat' dir='ltr'>IV,</span> <span class='ocrx_word' id='word_1_308' title='bbox 801 2231 863 2266; x_wconf 84' lang='lat'>12:</span> <span class='ocrx_word' id='word_1_309' title='bbox 916 2241 986 2266; x_wconf 84' lang='lat' dir='ltr'>nec</span> <span class='ocrx_word' id='word_1_310' title='bbox 1034 2242 1137 2267; x_wconf 88' lang='lat' dir='ltr'>vana</span> <span class='ocrx_word' id='word_1_311' title='bbox 1184 2228 1302 2278; x_wconf 78' lang='lat' dir='ltr'>fides3</span> <span class='ocrx_word' id='word_1_312' title='bbox 1350 2228 1424 2278; x_wconf 87' lang='grc' dir='ltr'>ΙΙΙ,</span> <span class='ocrx_word' id='word_1_313' title='bbox 1468 2230 1545 2267; x_wconf 82' lang='grc'>375</span> <span class='ocrx_word' id='word_1_314' title='bbox 1595 2233 1634 2267; x_wconf 86' lang='lat' dir='ltr'>et</span> <span class='ocrx_word' id='word_1_315' title='bbox 1670 2228 1839 2279; x_wconf 86' lang='lat' dir='ltr'>saepius.</span> 
     </span>
     <span class='ocr_line' id='line_1_33' title="bbox 279 2293 561 2343; baseline 0 -13"><span class='ocrx_word' id='word_1_316' title='bbox 279 2293 408 2339; x_wconf 90' lang='lat' dir='ltr'>(Plew</span> <span class='ocrx_word' id='word_1_317' title='bbox 441 2307 476 2343; x_wconf 85' lang='lat' dir='ltr'>p.</span> <span class='ocrx_word' id='word_1_318' title='bbox 509 2293 561 2340; x_wconf 87' lang='grc'>6).</span> 
     </span>
    </p>

    <p class='ocr_par' dir='ltr' id='par_1_4' title="bbox 276 2357 1842 2604">
     <span class='ocr_line' id='line_1_34' title="bbox 410 2357 1842 2408; baseline 0 -13"><span class='ocrx_word' id='word_1_319' title='bbox 410 2357 695 2408; x_wconf 77' lang='lat' dir='ltr'>Vuigarissima</span> <span class='ocrx_word' id='word_1_320' title='bbox 727 2362 787 2395; x_wconf 90' lang='lat' dir='ltr'>est</span> <span class='ocrx_word' id='word_1_321' title='bbox 818 2357 1009 2396; x_wconf 83' lang='lat' dir='ltr'>detractio</span> <span class='ocrx_word' id='word_1_322' title='bbox 1049 2371 1082 2395; x_wconf 83' lang='lat' dir='ltr'>v.</span> <span class='ocrx_word' id='word_1_323' title='bbox 1114 2371 1142 2396; x_wconf 94' lang='lat' dir='ltr'>s.</span> <span class='ocrx_word' id='word_1_324' title='bbox 1192 2359 1229 2396; x_wconf 91' lang='lat' dir='ltr'>in</span> <span class='ocrx_word' id='word_1_325' title='bbox 1280 2359 1568 2397; x_wconf 86' lang='lat' dir='ltr'>constructione</span> <span class='ocrx_word' id='word_1_326' title='bbox 1619 2370 1707 2397; x_wconf 88' lang='lat' dir='ltr'>esse</span> <span class='ocrx_word' id='word_1_327' title='bbox 1753 2370 1842 2396; x_wconf 89' lang='lat' dir='ltr'>cum</span> 
     </span>
     <span class='ocr_line' id='line_1_35' title="bbox 276 2422 1841 2475; baseline 0.001 -14"><span class='ocrx_word' id='word_1_328' title='bbox 276 2424 420 2461; x_wconf 86' lang='lat' dir='ltr'>dativo.</span> <span class='ocrx_word' id='word_1_329' title='bbox 483 2422 541 2461; x_wconf 64' lang='lat' dir='ltr'>Of,</span> <span class='ocrx_word' id='word_1_330' title='bbox 575 2423 756 2470; x_wconf 81' lang='lat' dir='ltr'>Wetzell,</span> <span class='ocrx_word' id='word_1_331' title='bbox 804 2423 852 2460; x_wconf 87' lang='lat' dir='ltr'>de</span> <span class='ocrx_word' id='word_1_332' title='bbox 882 2437 953 2460; x_wconf 90' lang='lat' dir='ltr'>usu</span> <span class='ocrx_word' id='word_1_333' title='bbox 985 2438 1006 2460; x_wconf 80' lang='lat' dir='ltr'>v</span> <span class='ocrx_word' id='word_1_334' title='bbox 1053 2438 1079 2460; x_wconf 87' lang='lat' dir='ltr'>s.</span> <span class='ocrx_word' id='word_1_335' title='bbox 1113 2424 1292 2461; x_wconf 86' lang='lat' dir='ltr'>Tacitino</span> <span class='ocrx_word' id='word_1_336' title='bbox 1325 2438 1357 2475; x_wconf 91' lang='lat' dir='ltr'>p.</span> <span class='ocrx_word' id='word_1_337' title='bbox 1389 2427 1451 2462; x_wconf 79' lang='lat'>44.</span> <span class='ocrx_word' id='word_1_338' title='bbox 1513 2425 1615 2468; x_wconf 87' lang='lat' dir='ltr'>Quia</span> <span class='ocrx_word' id='word_1_339' title='bbox 1647 2425 1720 2462; x_wconf 91' lang='lat' dir='ltr'>loci</span> <span class='ocrx_word' id='word_1_340' title='bbox 1751 2429 1841 2462; x_wconf 87' lang='lat' dir='ltr'>sunt</span> 
     </span>
     <span class='ocr_line' id='line_1_36' title="bbox 276 2488 1837 2541; baseline 0.001 -17"><span class='ocrx_word' id='word_1_341' title='bbox 276 2488 445 2525; x_wconf 87' lang='lat' dir='ltr'>sescenti</span> <span class='ocrx_word' id='word_1_342' title='bbox 477 2500 602 2538; x_wconf 85' lang='lat' dir='ltr'>neque</span> <span class='ocrx_word' id='word_1_343' title='bbox 634 2500 778 2538; x_wconf 85' lang='lat' dir='ltr'>operae</span> <span class='ocrx_word' id='word_1_344' title='bbox 810 2488 977 2538; x_wconf 85' lang='lat' dir='ltr'>pretium</span> <span class='ocrx_word' id='word_1_345' title='bbox 1009 2495 1069 2525; x_wconf 86' lang='lat' dir='ltr'>est</span> <span class='ocrx_word' id='word_1_346' title='bbox 1099 2501 1165 2526; x_wconf 87' lang='lat' dir='ltr'>eos</span> <span class='ocrx_word' id='word_1_347' title='bbox 1196 2488 1432 2538; x_wconf 83' lang='lat' dir='ltr'>adscribere,</span> <span class='ocrx_word' id='word_1_348' title='bbox 1464 2502 1674 2541; x_wconf 87' lang='lat' dir='ltr'>paucarum</span> <span class='ocrx_word' id='word_1_349' title='bbox 1693 2489 1837 2527; x_wconf 89' lang='lat' dir='ltr'>formu-</span> 
     </span>
     <span class='ocr_line' id='line_1_37' title="bbox 277 2553 1372 2604; baseline 0.002 -14"><span class='ocrx_word' id='word_1_350' title='bbox 277 2554 399 2591; x_wconf 86' lang='lat' dir='ltr'>larum</span> <span class='ocrx_word' id='word_1_351' title='bbox 431 2567 543 2590; x_wconf 89' lang='lat' dir='ltr'>usum</span> <span class='ocrx_word' id='word_1_352' title='bbox 575 2553 764 2590; x_wconf 86' lang='lat' dir='ltr'>exhibere</span> <span class='ocrx_word' id='word_1_353' title='bbox 784 2554 878 2590; x_wconf 87' lang='lat' dir='ltr'>satis</span> <span class='ocrx_word' id='word_1_354' title='bbox 911 2553 1049 2591; x_wconf 87' lang='lat' dir='ltr'>habeo.</span> <span class='ocrx_word' id='word_1_355' title='bbox 1113 2554 1221 2592; x_wconf 86' lang='lat' dir='ltr'>Haec</span> <span class='ocrx_word' id='word_1_356' title='bbox 1252 2556 1372 2604; x_wconf 76' lang='lat' dir='ltr'>elegi:</span> 
     </span>
    </p>

    <p class='ocr_par' dir='ltr' id='par_1_5' title="bbox 277 2618 1840 2739">
     <span class='ocr_line' id='line_1_38' title="bbox 410 2618 1840 2669; baseline -0.001 -14"><span class='ocrx_word' id='word_1_357' title='bbox 410 2630 526 2664; x_wconf 87' lang='lat' dir='ltr'>„cura</span> <span class='ocrx_word' id='word_1_358' title='bbox 558 2618 620 2655; x_wconf 89' lang='lat' dir='ltr'>vel</span> <span class='ocrx_word' id='word_1_359' title='bbox 652 2630 767 2656; x_wconf 89' lang='lat' dir='ltr'>curae</span> <span class='ocrx_word' id='word_1_360' title='bbox 799 2618 913 2655; x_wconf 81' lang='lat' dir='ltr'>alicui</span> <span class='ocrx_word' id='word_1_361' title='bbox 944 2618 1089 2669; x_wconf 86' lang='lat' dir='ltr'>aliquid</span> <span class='ocrx_word' id='word_1_362' title='bbox 1130 2622 1228 2657; x_wconf 80' lang='lat' dir='ltr'>est“.</span> <span class='ocrx_word' id='word_1_363' title='bbox 1289 2618 1323 2656; x_wconf 82' lang='lat' dir='ltr'><strong>G</strong></span> <span class='ocrx_word' id='word_1_364' title='bbox 1354 2621 1422 2656; x_wconf 88' lang='lat'>31:</span> <span class='ocrx_word' id='word_1_365' title='bbox 1468 2619 1560 2656; x_wconf 89' lang='lat' dir='ltr'>nulli</span> <span class='ocrx_word' id='word_1_366' title='bbox 1592 2619 1729 2657; x_wconf 89' lang='lat' dir='ltr'>domus</span> <span class='ocrx_word' id='word_1_367' title='bbox 1761 2622 1840 2666; x_wconf 76' lang='lat' dir='ltr'>aut,</span> 
     </span>
     <span class='ocr_line' id='line_1_39' title="bbox 277 2684 1838 2739; baseline 0 -18"><span class='ocrx_word' id='word_1_368' title='bbox 277 2695 373 2735; x_wconf 85' lang='lat' dir='ltr'>ager</span> <span class='ocrx_word' id='word_1_369' title='bbox 403 2688 468 2721; x_wconf 86' lang='lat' dir='ltr'>aut</span> <span class='ocrx_word' id='word_1_370' title='bbox 499 2684 629 2735; x_wconf 85' lang='lat' dir='ltr'>aliqua</span> <span class='ocrx_word' id='word_1_371' title='bbox 660 2696 776 2733; x_wconf 85' lang='lat' dir='ltr'>cura;</span> <span class='ocrx_word' id='word_1_372' title='bbox 826 2684 856 2733; x_wconf 90' lang='grc' dir='ltr'>Ι,</span> <span class='ocrx_word' id='word_1_373' title='bbox 891 2686 925 2722; x_wconf 90' lang='lat'>1:</span> <span class='ocrx_word' id='word_1_374' title='bbox 975 2685 1029 2722; x_wconf 88' lang='lat' dir='ltr'>ita</span> <span class='ocrx_word' id='word_1_375' title='bbox 1068 2685 1216 2723; x_wconf 86' lang='lat' dir='ltr'>neutris</span> <span class='ocrx_word' id='word_1_376' title='bbox 1258 2698 1350 2723; x_wconf 84' lang='lat' dir='ltr'>cura</span> <span class='ocrx_word' id='word_1_377' title='bbox 1400 2685 1660 2739; x_wconf 86' lang='lat' dir='ltr'>posteritatis;</span> <span class='ocrx_word' id='word_1_378' title='bbox 1710 2685 1739 2733; x_wconf 90' lang='grc' dir='ltr'>Ι,</span> <span class='ocrx_word' id='word_1_379' title='bbox 1767 2686 1838 2722; x_wconf 87' lang='grc'>88;</span> 
     </span>
    </p>
   </div>
  </div>
 </body>
</html>
