2038 3176
1018 163 1068 199 26

265 289 428 328 libertos
459 302 672 342 servosque
704 291 884 341 publicae
914 292 983 336 rei,
1012 304 1088 329 non
1118 292 1258 329 studiis
1276 293 1438 343 privatis
1461 304 1532 329 nec
1561 304 1612 329 ex
1631 303 1826 329 commen-

265 355 423 394 datione
453 359 519 393 aut
534 356 718 407 precibus
736 356 1005 395 centurionem
1021 357 1215 396 militesve
1234 357 1371 406 ascire,
1402 356 1470 395 sed
1489 357 1675 409 optimum
1695 369 1826 409 quem-

264 435 339 472 que
368 421 599 460 fidissimum
630 420 818 474 putare*).

394 486 598 526 Adverbio
628 491 760 526 autem
791 500 878 526 eum
908 487 1052 526 affectu
1069 487 1237 539 quodam
1258 485 1489 534 oratorio**)
1511 488 1548 526 in
1580 488 1688 527 initio
1706 500 1825 526 enun-

265 553 350 590 tiati
384 554 515 603 posito
545 558 663 605 atque
684 553 912 604 praedicato
929 554 1094 592 membri
1111 554 1266 592 relativi
1283 554 1484 604 sequentis
1501 554 1664 591 verbum
1685 554 1827 604 agendi

269 618 453 656 omissum
484 617 592 656 hisce
623 619 718 657 locis
748 618 962 657 indicatur:

399 682 433 720 G
470 686 534 721 19:
561 684 717 721 mollius
748 684 905 734 quidem
934 684 1062 721 adhuc
1093 697 1165 721 eae
1197 685 1387 730 civitatee,
1418 685 1453 720 in
1490 684 1630 734 quibus
1678 689 1828 721 tantum

267 747 439 799 virgines
470 748 639 797 nubunt3
675 750 781 796 1‚43:
812 748 951 787 melius
970 752 1009 787 et
1025 749 1218 787 amantius
1235 748 1308 796 ille,
1338 748 1403 799 qui
1421 748 1593 799 gladium
1614 747 1825 797 offerebat;

264 813 373 860 4‚38:
404 813 543 851 melius
573 813 808 865 Augustum,
838 815 903 865 qui
932 815 1163 866 speraverit.

394 877 469 917 His
501 883 690 931 cognatus
721 884 781 918 est
811 879 917 919 locus
948 880 985 919 A
1017 882 1060 918 5:
1092 893 1163 918 nec
1193 879 1378 931 Agricola
1406 879 1570 918 licenter
1609 882 1677 926 (sc.
1729 880 1825 931 egit)

263 956 371 981 more
402 944 586 982 iuvenum
617 946 681 996 qui
710 946 887 983 militiam
919 946 955 983 in
988 946 1185 983 lasciviam
1217 949 1393 991 vertunt;
1426 957 1551 996 neque
1582 946 1756 994 segniter
1775 944 1826 982 ad

264 1007 507 1061 voluptatem
537 1014 577 1048 ct
607 1014 846 1050 commeatus
876 1010 1031 1050 titulum
1066 1010 1285 1049 tribunatus
1334 1014 1374 1048 et
1421 1010 1615 1049 inscitiam
1664 1010 1825 1049 rettulit.

395 1074 572 1112 Eandem
601 1076 909 1113 subtractionem
942 1077 1050 1113 verbi
1083 1076 1243 1113 Tacitus
1280 1077 1318 1112 in
1349 1075 1563 1112 enuntiatis
1594 1076 1826 1125 comparati-

269 1139 327 1176 vis
358 1151 381 1177 a
411 1138 587 1179 formulis
621 1153 718 1187 „nec
748 1140 852 1179 aliud
885 1154 1012 1193 quam,
1043 1139 1134 1193 quid
1165 1139 1268 1179 aliud
1291 1153 1418 1192 quam,
1448 1152 1576 1192 neque
1607 1139 1713 1178 aliud
1743 1140 1829 1189 nisi,

268 1205 360 1254 quid
391 1206 496 1243 aliud
527 1207 614 1254 nisi,
643 1220 716 1244 nec
746 1208 913 1257 amplius
943 1220 1070 1257 quam,
1113 1219 1187 1243 non
1237 1207 1337 1243 ultra
1368 1209 1504 1256 quam“
1550 1206 1828 1255 incipientibus

262 1269 451 1319 adhibuit,
486 1282 586 1322 quae
616 1271 654 1309 in
684 1271 811 1311 lexico
842 1270 1004 1310 Taciteo
1034 1285 1055 1309 a
1087 1270 1263 1310 Gerbero
1294 1274 1334 1309 et
1365 1269 1522 1310 Greefio
1553 1284 1588 1323 p.
1623 1272 1673 1309 66
1706 1275 1745 1309 et
1778 1271 1827 1308 75

262 1336 426 1373 collecta
456 1336 716 1377 inveniuntur.

400 1399 500 1438 Vice
530 1413 646 1439 versa
676 1401 839 1440 verbum
870 1401 1065 1452 generalis
1095 1401 1259 1439 actionis
1290 1413 1341 1438 ex
1370 1399 1596 1452 praedicato
1638 1401 1830 1439 enuntiati

262 1465 434 1515 primarii
466 1467 701 1504 eliciendum
732 1472 771 1504 et
802 1468 839 1504 in
883 1467 1098 1504 membrum
1149 1466 1396 1503 subiunctum
1445 1465 1825 1516 subintellegendum

264 1534 325 1568 cst
356 1529 417 1569 his
434 1531 547 1570 locis:
581 1531 609 1581 1,
624 1533 694 1569 89:
724 1536 805 1570 tum
822 1532 996 1583 legiones
1014 1531 1240 1583 classesque
1272 1536 1311 1570 et
1341 1530 1444 1582 quod
1476 1544 1561 1570 raro
1592 1531 1687 1569 alias
1710 1544 1824 1583 prae-

264 1597 438 1634 torianus
482 1597 734 1648 urbanusque
779 1598 890 1634 miles
935 1598 971 1634 in
1015 1598 1139 1634 aciem
1184 1596 1362 1644 deducti;
1418 1598 1549 1645 16,l9:
1599 1609 1670 1633 nec
1718 1596 1826 1634 codi-

265 1661 362 1699 cillis
390 1661 559 1713 quidem,
589 1662 692 1713 quod
722 1663 900 1715 plerique
931 1663 1191 1714 pereuntium,
1230 1661 1427 1700 Neronem
1475 1666 1542 1700 aut
1590 1661 1826 1712 Tigellinum

267 1731 334 1764 aut
365 1740 480 1777 quem
512 1728 629 1766 alium
661 1730 878 1779 potentium
908 1728 1089 1766 adulatus
1119 1733 1189 1766 est.
1248 1727 1304 1764 Cf,
1339 1727 1435 1765 Suet
1457 1727 1567 1765 Caes.
1587 1729 1657 1764 26:
1687 1740 1826 1765 munus

264 1792 408 1843 populo
439 1793 674 1845 epulumque
705 1794 971 1845 pronuntiavit
1002 1794 1038 1831 in
1068 1793 1171 1831 filiae
1201 1793 1440 1842 memoriam,
1472 1792 1575 1845 quod
1605 1796 1695 1831 ante
1736 1805 1825 1831 eum

266 1870 402 1906 nemo3
435 1858 482 1907 V,
513 1861 581 1896 22:
611 1863 732 1910 utque
763 1859 813 1897 ed
842 1859 1056 1897 fallendum
1086 1858 1253 1906 silentio,
1283 1858 1338 1895 ita
1375 1861 1514 1909 coepta
1562 1856 1702 1906 caede,
1751 1870 1827 1909 quo

268 1923 355 1974 plus
386 1924 546 1962 terroris
577 1924 780 1973 adderent,
811 1930 949 1963 cuncta
979 1924 1212 1963 clamoribus
1242 1922 1470 1961 miscebant.

397 1988 595 2029 Concinne
627 1991 659 2029 si
690 1992 856 2043 scriptor
887 1990 963 2030 duo
993 1990 1168 2029 membra
1198 1990 1388 2029 enuntiati
1420 1988 1662 2028 conformare
1682 1989 1825 2028 voluis-

264 2059 336 2102 set,
365 2055 578 2093 finiendum
609 2057 644 2094 ei
676 2061 776 2096 erat:
800 2057 968 2095 clamore
999 2057 1179 2108 agebant.
1239 2055 1319 2094 Sed
1348 2055 1422 2093 hac
1451 2055 1537 2106 ipsa
1566 2055 1826 2092 concinnitate

264 2119 419 2159 sublata
448 2134 518 2172 pro
549 2127 780 2174 exspectato
813 2122 933 2162 verbo
968 2121 1185 2174 „agebant“
1219 2120 1337 2170 aliud,
1368 2121 1428 2159 cui
1468 2120 1671 2172 angustior
1719 2120 1825 2159 notio

266 2187 378 2234 inest,
409 2188 539 2236 posuit
569 2192 608 2224 et
639 2188 731 2225 illud
762 2190 799 2225 in
830 2190 959 2238 priore
990 2188 1165 2225 membro
1197 2187 1368 2236 oppositi
1399 2186 1534 2223 lectori
1564 2185 1826 2235 supplendum

264 2250 432 2302 reliquit.
494 2250 655 2303 Optime
685 2251 760 2290 huc
796 2252 1000 2305 quadrant,
1029 2264 1128 2303 quae
1158 2248 1442 2302 Hauptius**'‘)
1474 2249 1522 2288 de
1553 2249 1641 2288 stilo
1663 2249 1826 2288 Taciteo

264 2316 493 2353 acutissime
520 2316 686 2354 iudicat:

402 2380 587 2429 „Tacitus
618 2382 694 2421 will
726 2382 846 2421 soviel
878 2382 935 2421 als
964 2381 1134 2434 moglich
1153 2380 1373 2421 Gedanken
1404 2380 1500 2421 oder
1520 2380 1825 2433 Vorstellungen

395 2503 427 2541 ²⁸)
451 2503 525 2535 Non
553 2503 687 2535 verbum
712 2503 855 2541 dicendi,
881 2503 971 2544 quod
996 2503 1146 2534 Heraeus
1170 2506 1202 2534 et
1227 2503 1403 2534 Clemmius
1420 2513 1452 2543 p.
1470 2504 1520 2540 48,
1546 2503 1602 2543 qui
1616 2502 1695 2533 huic
1712 2511 1826 2532 assen-

264 2548 352 2583 titur,
378 2548 563 2585 voluemnt,
590 2548 647 2579 sed
665 2559 692 2579 v.
708 2559 733 2579 s.
758 2552 849 2579 erat
875 2547 1095 2588 supplendum
1111 2550 1160 2578 est
1184 2547 1210 2584 1,
1236 2549 1291 2577 14:
1317 2556 1517 2587 quamquam
1547 2546 1627 2576 nihil
1654 2544 1763 2576 adhuc
1788 2544 1827 2575 de

263 2591 401 2621 Vitellio
429 2595 565 2622 certum.
613 2591 663 2622 cf.
688 2592 893 2622 simillimum
919 2593 1028 2622 locum
1053 2591 1201 2621 Suetonii
1227 2590 1316 2621 Nero
1345 2591 1378 2620 l:
1404 2591 1445 2620 de
1469 2599 1536 2630 qua
1559 2590 1721 2619 incertum
1745 2591 1826 2618 erat.

395 2633 447 2671 **)
473 2635 552 2666 Loci
578 2635 749 2666 annalium
778 2637 848 2674 1,43
875 2639 907 2666 et
931 2636 1005 2672 4,38
1030 2635 1063 2665 in
1088 2634 1295 2665 orationibus
1320 2634 1485 2674 leguntur.

383 2678 469 2752 ἐφ’)
494 2678 543 2710 Cf.
569 2678 689 2710 Christ.
715 2679 846 2721 Belger,
872 2679 975 2710 Moriz
1000 2678 1115 2720 Haupt
1153 2678 1203 2709 als
1243 2677 1498 2709 akademischer
1536 2676 1672 2716 Lchrer,
1712 2675 1826 2706 Berlin

266 2722 359 2760 1879,
407 2743 415 2752 .
440 2723 514 2755 269.
