2038 3176
362 758 507 796 Omnes
539 759 603 809 qui
633 757 814 796 Tacitum
846 759 908 795 vel
938 758 1079 794 leviter
1109 757 1334 807 attigerunt,
1364 756 1599 794 brevitatem
1630 761 1786 808 senten-

231 825 294 862 tiis
324 837 483 875 gravem
515 824 723 875 praecipue
755 823 939 862 librorum
971 823 1054 861 eiu's
1087 823 1281 873 propriam
1313 835 1400 860 esse
1432 835 1557 873 paene
1587 836 1663 861 una
1692 836 1790 861 voce

232 891 332 927 inter
361 902 403 927 se
435 887 730 936 consentiunt*).
790 889 902 926 Haec
932 889 1094 939 insignis
1138 888 1370 938 proprietas,
1417 900 1531 938 quam
1580 901 1654 939 quo
1705 889 1792 939 quis

231 955 346 992 altius
378 955 623 1005 introspexit,
653 967 699 992 eo
729 955 853 1004 magis
883 954 1108 1002 admiratur,
1145 966 1232 991 cum
1262 953 1393 991 multis
1438 953 1523 991 aliis
1560 953 1677 991 rebus
1706 959 1788 992 tum

231 1020 472 1058 detractione
504 1021 670 1070 partium
701 1019 942 1070 quarundam
972 1019 1171 1066 orationis,
1216 1019 1391 1069 inprimis
1436 1019 1655 1068 verborum,
1686 1032 1788 1070 quae

231 1085 388 1136 quidem
419 1086 522 1123 nullo
554 1098 691 1123 sensus
722 1085 956 1123 detrimento
988 1084 1204 1123 desiderari
1236 1089 1413 1135 possunt,
1444 1084 1620 1122 efficitur.

362 1149 478 1187 Haud
497 1151 610 1201 pauci
634 1150 706 1187 viri
729 1149 832 1188 docti
851 1150 889 1188 in
908 1150 1101 1187 brevitate
1119 1148 1282 1187 Tacitea
1297 1149 1590 1200 interpretanda
1606 1156 1646 1187 et
1663 1149 1790 1201 quoad

229 1215 312 1251 fieri
343 1220 472 1264 potest
502 1216 646 1265 regulis
678 1215 906 1252 subicienda
936 1215 1256 1263 elaboraverunt;
1288 1218 1377 1252 ante
1408 1227 1543 1252 omnes
1574 1213 1791 1253 Guilelmus

230 1279 468 1326 Boetticher,
516 1279 580 1330 qui
630 1279 666 1316 in
707 1279 995 1330 prolegomenis
1044 1279 1158 1316 lexici
1203 1279 1261 1316 sui
1307 1292 1342 1330 p.
1397 1279 1445 1315 73
1490 1292 1543 1330 sq.
1593 1279 1710 1317 etiam
1742 1279 1790 1317 de

230 1345 307 1382 stili
341 1344 492 1382 Tacitei
524 1345 717 1382 brevitate
748 1345 913 1395 scripsit.
974 1344 1053 1382 Sed
1075 1358 1161 1382 cum
1191 1357 1317 1394 neque
1339 1345 1450 1382 initia
1473 1358 1785 1396 progressusque

232 1409 346 1448 huius
376 1410 628 1462 proprietatis
660 1409 827 1460 dicendi,
858 1415 1049 1462 quatenus
1079 1410 1115 1448 in
1139 1409 1262 1448 Taciti
1293 1411 1448 1462 scriptis
1476 1410 1570 1455 >inde
1601 1410 1651 1449 ab
1673 1410 1788 1463 Agri·

234 1477 316 1515 cola
346 1490 468 1528 usque
499 1477 546 1515 ad
578 1477 690 1514 finem
722 1477 916 1515 annalium
947 1478 1261 1528 cerni2possunt,
1301 1479 1339 1515 in
1370 1479 1642 1529 quaestionem
1673 1491 1788 1517 voca-

230 1542 328 1579 verit
359 1547 397 1580 et
427 1542 576 1593 singula
608 1554 754 1592 genera
790 1543 874 1579 eius
904 1543 1148 1593 paucissimis
1188 1543 1380 1593 exemplis
1410 1543 1678 1592 illustraverit,
1706 1555 1787 1580 rem

228 1608 528 1659 haudquaquam
549 1608 726 1646 absolvlt.
788 1607 973 1645 Similiter
995 1608 1134 1645 Storch
1151 1609 1189 1645 in
1212 1608 1553 1646 observationibus
1572 1609 1719 1659 aliquot
1736 1608 1785 1646 ad

226 1672 726 1722 grammaticamTaciteam
740 1673 1027 1723 pertinentibus
1039 1672 1197 1717 (Memel
1216 1675 1330 1718 1868)
1344 1679 1383 1710 et
1397 1673 1593 1711 Robertus
1607 1673 1784 1711 Schmidt

229 1738 261 1774 in
296 1742 582 1788 programmate
602 1737 913 1787 Dramburgensi
947 1737 1018 1783 „de
1040 1737 1386 1788 ellipsiTacitina“
1421 1739 1561 1786 (1811)
1598 1739 1782 1777 nonnulla

227 1802 382 1852 quidem
413 1802 461 1839 ad
493 1815 573 1839 rem
605 1802 824 1839 accuratius
855 1802 1164 1852 cognoscendam
1196 1803 1454 1850 contulerunt,
1484 1802 1553 1839 sed
1574 1804 1782 1841 materiam

227 1867 422 1918 copiosam
454 1867 644 1917 exemplis
675 1854 798 1917 magis
829 1866 1162 1904 adumbraverunt
1192 1880 1308 1918 quam
1337 1868 1516 1905 exsecuti
1547 1872 1646 1906 sunt.

356 1932 477 1969 Multo
508 1932 664 1969 uberius
696 1932 744 1968 de
775 1933 982 1970 omissione
1004 1932 1116 1969 verbi
1137 1933 1383 1981 substantivi,
1414 1933 1450 1969 in
1469 1934 1578 1970 cuius
1595 1945 1779 1984 suppres-

225 1999 334 2036 sione
364 1998 598 2035 brevitatem
634 1998 864 2036 elocutionis
894 1997 1080 2036 Taciteae
1125 1998 1184 2036 vel
1227 1999 1396 2036 maxime
1442 2011 1634 2049 apparere
1671 2003 1779 2037 recte

355 2107 386 2145 *)
415 2106 630 2137 Adversantis
653 2109 765 2146 partes
789 2107 880 2137 solus
917 2106 959 2137 M.
983 2106 1161 2147 Hauptius,
1200 2107 1348 2146 alioquin
1386 2106 1623 2138 subtilissimus
1648 2108 1780 2148 generis

225 2150 357 2181 dicendi
383 2150 509 2180 Tacitei
534 2150 749 2187 existimator,
774 2151 930 2190 suscepit,
956 2150 1012 2190 qui
1037 2150 1232 2181 brevitatem
1244 2149 1412 2180 Taciteam
1437 2159 1505 2180 rem
1529 2160 1603 2181 esse
1620 2150 1781 2181 incertam

226 2198 325 2234 atque
349 2194 580 2234 imaginariam
609 2197 789 2224 asseverat.
836 2193 886 2224 Cf.
911 2193 1077 2224 Christian
1105 2194 1236 2233 Belger,
1262 2194 1365 2224 Moriz
1390 2193 1505 2234 Haupt
1529 2194 1579 2223 als
1603 2194 1779 2224 akademi-

225 2239 322 2269 soher
344 2238 479 2274 Lehrer,
507 2238 571 2268 Brl.
599 2239 680 2268 1879
705 2237 736 2269 S.
761 2239 834 2268 268.
881 2237 926 2268 At
950 2237 1039 2268 haud
1064 2237 1132 2268 scio
1158 2247 1198 2267 an
1224 2237 1256 2268 id
1281 2236 1369 2277 quod
1394 2237 1465 2277 ipse
1490 2237 1646 2278 scriptori
1671 2238 1778 2278 assig-

225 2285 282 2312 nat
306 2281 461 2321 quodque
485 2291 559 2311 cum
583 2281 689 2321 poetis
714 2282 742 2312 ci
769 2291 940 2312 commune
965 2291 1036 2311 esse
1061 2281 1151 2317 dicit,
1185 2281 1268 2311 nihil
1300 2281 1392 2311 aliud
1425 2281 1468 2311 sit
1492 2281 1555 2311 nisi
1580 2281 1696 2311 eadem
1720 2281 1780 2311 illa

225 2325 380 2361 brevitas,
406 2335 505 2365 quam
530 2325 631 2355 ceteri
657 2334 769 2355 omnes
807 2326 839 2355 in
880 2325 1038 2364 scriptore
1078 2328 1273 2365 agnoscunt.
1320 2323 1404 2354 Nam
1439 2324 1523 2354 haec
1563 2327 1640 2355 sunt
1680 2324 1781 2355 verba

225 2369 314 2399 eius:
343 2369 428 2407 „Des
453 2368 588 2398 Tacitus
614 2368 708 2398 Geist
731 2369 790 2398 hat
813 2371 914 2399 etwas
938 2368 1012 2399 dem
1028 2368 1163 2398 Dichter
1178 2368 1405 2403 Verwandtes,
1430 2368 1497 2397 und
1522 2377 1616 2398 wenn
1642 2367 1781 2398 Tacitus

224 2421 339 2442 ausser
362 2411 421 2442 der
445 2411 830 2451 Geschichtschreibung
868 2422 908 2442 zu
935 2415 1037 2442 etwas
1063 2411 1214 2450 beffihigt
1238 2421 1313 2444 war,
1349 2420 1384 2440 so
1410 2420 1476 2440 war
1500 2420 1535 2440 es
1561 2411 1682 2451 gewiss
1707 2421 1781 2442 zum

224 2455 415 2495 tragischen
440 2455 588 2485 Dichter.
635 2455 953 2495 Eigentiimlichkeit
977 2454 1034 2484 des
1062 2455 1211 2484 Dichters
1251 2454 1330 2484 aber
1354 2454 1395 2484 ist
1435 2463 1479 2489 ea,
1515 2453 1592 2484 dass
1630 2454 1663 2484 in
1705 2454 1778 2485 dem

224 2502 360 2538 engeten
387 2498 494 2529 Raum
518 2498 576 2528 der
602 2498 715 2529 Worte
739 2498 842 2529 soviel
869 2498 1126 2538 Vorstcllungen
1162 2498 1224 2527 und
1252 2498 1522 2537 Auschauungen
1560 2497 1610 2528 als
1635 2498 1781 2538 moglich

224 2542 375 2582 geweckt
399 2542 538 2572 werden.
586 2542 702 2571 Genau
728 2552 764 2572 so
788 2542 830 2572 ist
855 2552 890 2572 es
916 2542 967 2572 bei
993 2541 1158 2571 Tacitus“.
1207 2541 1322 2571 Nonne
1347 2541 1485 2570 candem
1501 2541 1655 2571 virtutem
1671 2541 1781 2572 Sanu-

223 2586 315 2624 stius,
341 2586 398 2625 qui
421 2589 454 2616 et
478 2587 548 2625 ipse
574 2586 770 2617 brevitatem
794 2587 935 2617 maxime
960 2586 1128 2616 affectavit
1164 2589 1196 2615 et
1219 2585 1312 2633 cuius
1339 2584 1475 2615 Tacitus
1512 2584 1683 2616 studiosus
1708 2585 1783 2621 fuit,

223 2629 256 2658 in
281 2628 416 2666 catone,
442 2629 500 2659 illo
525 2629 593 2658 viro
619 2639 693 2658 vere
719 2629 867 2658 Romano
892 2634 924 2658 et
950 2629 1110 2666 „Romani
1142 2638 1253 2665 gener.
1259 2639 1272 2656 s
1299 2628 1536 2657 disertissim&
1579 2629 1632 2658 his
1672 2629 1781 2658 verbis

224 2671 354 2703 laudat:
381 2673 503 2710 „multa
527 2673 644 2713 paucis
676 2672 865 2702 absolviffl?
913 2653 963 2703 Cf?
998 2674 1095 2729 etiam
1132 2671 1242 2707 Quint.
1271 2670 1362 2708 VIII,
1401 2673 1452 2707 81
1489 2672 1546 2711 qui
1587 2664 1782 2703 Sallustium

223 2716 319 2756 plura
343 2717 459 2756 paucis
484 2717 658 2756 complecti
684 2717 739 2747 ait.

1525 2783 1540 2813 l
