2038 3176
760 515 1429 593 Conclusio

414 665 501 703 -Ad
534 666 649 704 finem
680 666 836 716 festino,
867 679 1102 718 quamquam
1141 680 1275 705 omnes
1306 671 1437 719 partes
1485 668 1674 706 materiae
1721 668 1873 719 amplae

305 731 608 783 haudquaquam
638 744 700 769 mc
731 731 948 770 absolvisse
993 744 1068 770 non
1114 732 1260 783 ignoro.
1319 731 1550 784 Complures
1580 732 1725 772 formas
1755 732 1869 770 huius

306 797 657 849 breviloquentiae,
700 797 807 836 velut
838 797 1122 836 detractionem
1151 798 1360 837 verborum
1406 798 1560 837 dicendi
1591 798 1653 837 vel
1677 798 1870 837 sentiendi

306 867 397 900 ante
457 863 672 900 orationem
732 862 929 914 obliquam
988 863 1336 911 usitatissimam*),
1394 864 1712 916 suppressionem
1768 863 1873 902 modi

307 928 543 966 subiunctivi
594 928 703 966 verbi
763 941 850 966 esse
908 929 945 966 in
1004 929 1215 966 enuntiatis
1273 929 1513 977 secundaris,
1571 942 1670 980 quae
1715 933 1873 980 praeter

306 993 403 1031 duos
433 994 539 1031 locos
575 995 628 1041 1‚7
663 998 702 1030 et
734 993 761 1040 Ι,
792 995 843 1031 85
892 1006 1089 1044 nunquam
1139 999 1279 1042 exstat,
1329 995 1401 1032 nisi
1450 994 1719 1032 subiunctivus
1744 985 1869 1032 'alius

306 1059 414 1095 verbi
446 1059 483 1095 in
513 1059 714 1096 enuntiato
745 1058 973 1096 coordinato
1004 1057 1332 1110 subsequitur**j,
1362 1059 1518 1097 silentio
1549 1060 1747 1110 praeterii,
1782 1059 1874 1110 quia

304 1128 391 1161 acta
421 1136 540 1174 agere
572 1123 762 1162 nolebam.
811 1123 939 1161 Unum
958 1128 1090 1172 restat,
1120 1132 1160 1161 ut
1178 1137 1224 1162 ea
1253 1137 1352 1175 quae
1390 1124 1451 1162 hic
1482 1124 1559 1162 illie
1589 1123 1637 1162 de
1680 1137 1869 1174 processu

305 1197 344 1226 et
374 1201 534 1226 recessu
565 1189 805 1240 singulorum
835 1202 1020 1239 generum
1044 1189 1296 1227 detractionis
1318 1190 1427 1227 verbi
1444 1190 1568 1241 attigi,
1596 1190 1731 1240 paucis
1762 1202 1867 1227 com-

305 1253 572 1305 prehendam;
605 1267 730 1304 neque
762 1254 864 1292 enim
896 1254 1125 1304 scriptorem
1158 1254 1247 1292 inde
1278 1255 1327 1292 ab
1358 1255 1545 1305 Agricola
1574 1268 1697 1305 usque
1728 1254 1778 1292 ad
1801 1267 1868 1305 po-

305 1323 473 1357 stremos
531 1319 726 1356 annalium
784 1319 904 1357 libros
953 1331 1071 1356 unum
1120 1319 1367 1371 eundemque
1418 1320 1608 1358 mansisse
1666 1332 1737 1358 suo
1787 1319 1870 1357 iure

306 1384 509 1423 Woelfflin
542 1384 753 1422 contendit.
787 1384 918 1428 Quare
951 1398 1025 1422 non
1044 1389 1103 1422 est
1120 1385 1270 1432 mirum,
1286 1386 1316 1422 si
1335 1398 1383 1423 ne
1401 1386 1437 1422 in
1454 1385 1526 1423 hac
1543 1385 1700 1436 quidem
1718 1384 1874 1422 dicendi

306 1450 552 1500 proprietate
585 1449 745 1486 Tacitus
775 1449 848 1486 sibi
871 1449 1053 1486 constitit.
1494 1444 1501 1451 ‘

436 1515 495 1552 Ac
527 1516 691 1565 primum
722 1514 880 1565 quidem
904 1515 1003 1552 inter
1019 1515 1215 1552 orationes
1233 1515 1440 1552 narrationi
1459 1515 1668 1552 historicae
1700 1515 1867 1552 insertas

302 1589 340 1617 ct
372 1580 639 1617 narrationem
670 1580 794 1630 ipsam
826 1579 929 1617 haud
961 1580 1149 1630 exiguum
1180 1579 1388 1618 discrimen
1421 1585 1481 1618 est
1512 1586 1550 1618 et
1598 1579 1736 1618 eadem
1784 1579 1866 1618 fere

304 1645 529 1683 differentia
560 1646 660 1683 inter
691 1645 914 1696 Dialogum,
945 1645 1009 1696 qui
1055 1646 1261 1683 maximam
1312 1650 1463 1696 partem
1507 1645 1747 1684 orationibus
1778 1658 1866 1683 con-

304 1712 464 1759 tinetur,
495 1717 534 1748 et
564 1715 717 1748 ceteros
762 1710 880 1748 libros
925 1710 1143 1748 intercedit.
1205 1710 1248 1748 In
1297 1711 1537 1753 orationibus
1588 1711 1691 1748 enim
1741 1715 1781 1748 et
1830 1711 1866 1748 in

304 1776 469 1827 Dialogo
487 1775 669 1814 Tacitum
691 1775 893 1813 Ciceronis
925 1775 1140 1813 studiosum
1172 1776 1292 1814 fuisse
1326 1790 1394 1827 pro
1421 1782 1528 1815 certo
1546 1776 1762 1828 putandum
1794 1782 1866 1815 est.

306 1842 420 1881 Unde
455 1843 600 1880 factum
632 1846 702 1891 est,
733 1847 773 1880 ut
804 1843 974 1894 exempli
993 1843 1169 1893 gratiain
1201 1842 1441 1880 orationibus
1473 1841 1623 1881 Galbae
1670 1842 1699 1892 Ι,
1734 1844 1780 1880 15
1829 1849 1868 1880 et

304 1909 460 1947 Pisonis
494 1909 588 1956 I‚2.‘)
618 1914 657 1947 et
679 1908 828 1947 Tiberii
860 1909 1091 1947 omissiones
1124 1908 1235 1946 verbi
1254 1908 1489 1946 substantivi
1507 1907 1715 1946 admodum
1746 1921 1868 1955 rarae,

304 1975 520 2026 positiones
565 1974 907 2026 frequentissimae
957 1975 1033 2012 sint
1082 1975 1226 2025 vixque
1249 1973 1347 2017 aliae
1396 1986 1510 2024 quam
1558 1974 1595 2011 in
1628 1973 1867 2012 orationibus

307 2039 511 2078 Ciceronis
543 2038 984 2091 deprehendantur***).

433 2105 589 2144 Deinde
621 2106 794 2144 minores
825 2105 912 2143 libri
950 2105 1135 2156 Agricola
1166 2110 1205 2142 et
1238 2104 1449 2143 Germania
1479 2118 1501 2142 a
1530 2104 1744 2143 maioribus
1775 2117 1866 2155 ope-

303 2173 411 2209 ribus
442 2172 479 2208 in
511 2171 584 2208 hoc
615 2183 764 2222 genere
795 2171 966 2208 maxime
998 2169 1192 2207 differunt.
1234 2169 1349 2207 Initia
1380 2169 1538 2220 quidem
1568 2182 1613 2207 ac
1635 2170 1794 2217 semina,
1824 2174 1866 2206 ut

303 2237 358 2275 ita
388 2236 527 2285 dicam,
558 2237 754 2274 nascentis
786 2241 947 2274 naturae
996 2239 1113 2287 atque
1164 2235 1304 2273 indolis
1353 2235 1600 2286 eloquentiae
1651 2235 1861 2274 historicae

303 2303 430 2340 Taciti
462 2303 538 2340 iam
583 2304 620 2339 in
665 2303 739 2340 illis
784 2302 879 2340 satis
927 2301 1047 2338 multa
1096 2305 1297 2351 apparent.
1359 2300 1423 2338 Sic
1472 2301 1548 2338 iam
1597 2301 1634 2337 in
1683 2300 1868 2352 Agricola

302 2369 468 2420 scriptor
517 2368 740 2420 exemplum
783 2366 1105 2415 Sallustianu111†)
1137 2371 1176 2404 et
1225 2366 1504 2418 poetarum††)
1552 2379 1664 2405 usum
1711 2370 1869 2405 secutus

434 2479 464 2517 *)
491 2479 539 2510 De
564 2479 626 2509 hac
653 2479 803 2518 inprimis
828 2477 992 2518 Georgius
1017 2476 1140 2507 Clemm
1167 2476 1198 2506 in
1224 2476 1457 2506 dissertatione
1484 2476 1620 2506 laudata
1646 2476 1790 2515 scripsit.

433 2523 486 2558 ***)
511 2523 560 2553 Cf.
590 2521 779 2562 Nipperdey
804 2521 845 2552 ad
874 2522 942 2557 1,7;
966 2520 1082 2551 Stoi-01.
1111 2530 1140 2559 p.
1160 2521 1221 2557 153
1248 2519 1391 2550 Wetzell
1417 2525 1449 2550 et
1467 2520 1638 2550 Woelfflin
1663 2520 1695 2549 in
1712 2520 1864 2556 Bursian,

303 2566 579 2597 ‹Jahresberichte
607 2567 689 2596 1875
715 2565 747 2596 ΙΙ
773 2576 804 2606 p.
831 2566 903 2595 759.

435 2609 508 2641 ***)
532 2611 583 2640 De
608 2610 659 2640 his
684 2610 726 2639 cf.
753 2609 796 2639 M.
821 2609 973 2648 Seyfferti
998 2608 1203 2638 Palaestram
1229 2607 1479 2637 Ciceronianam
1505 2617 1536 2646 p.
1564 2609 1612 2636 17.

432 2653 494 2734 ῃ)
521 2663 842 2728 Cf.pWetzellianae
867 2695 1110 2726 dissertationis
1144 2694 1410 2725 conclusionem:
1449 2693 1644 2724 Omissionis
1675 2693 1858 2734 frequentis

304 2751 332 2771 v.
357 2751 394 2778 s.‚
419 2750 518 2782 quam
545 2741 634 2784 apud
659 2740 810 2772 Tacitum
835 2740 1031 2777 invenimus,
1056 2739 1198 2783 Vergilii
1224 2741 1344 2779 poetae
1361 2747 1441 2768 usus
1457 2737 1608 2778 proxima
1624 2737 1782 2779 analogia
1799 2740 1861 2767 est.
