2038 3176
1008 185 1059 226 29

259 321 404 359 formas
433 333 469 357 v.
501 332 541 368 s.,
585 319 674 371 quin
706 318 824 357 etiam
843 318 1001 358 modum
1031 319 1318 358 subiunctivum
1348 320 1388 357 in
1428 320 1638 359 enuntiatis
1674 333 1810 359 secun-

258 386 378 424 dariis
409 377 604 423 interdum
652 384 913 436 supplendum
959 385 1129 436 reliquit,
1176 385 1408 436 aliquotiens
1457 385 1619 424 verbum
1668 386 1812 437 agendi

255 463 410 503 quoque
431 454 469 488 et
487 449 636 489 oriendi
667 450 807 489 omisit.
841 449 1007 501 Saepius
1038 451 1074 488 in
1106 449 1434 502 descriptionibus
1454 452 1743 502 praecipueque
1774 452 1811 489 in

256 517 477 565 Germania,
508 530 622 567 quam
652 517 781 555 colore
825 517 980 567 poetico
1011 517 1179 554 maxime
1211 516 1422 567 insignivit,
1451 530 1486 554 v.
1519 530 1547 554 s.
1578 518 1809 568 suppressit.

257 582 337 620 Sed
367 595 483 633 quam
511 581 641 619 multis
679 581 805 619 modis
835 581 1033 619 licentiam
1063 581 1171 632 prius
1221 581 1434 632 prudenter
1482 581 1650 632 quodam
1697 581 1811 620 modo

254 650 449 698 sumptam
479 647 516 684 in
547 647 719 685 historiis
750 651 790 685 et
836 646 1031 697 prioribus
1079 646 1274 684 annalium
1304 646 1414 684 libris
1463 647 1645 695 excoluit,
1694 659 1811 698 quam

253 711 376 750 effuse
425 711 620 750 adhibuit!
664 711 709 750 Id
752 712 928 763 inprimis
957 711 1061 749 valet
1091 712 1129 752 in
1161 712 1412 750 omissionem
1457 712 1694 750 subiunctivi
1743 711 1810 750 ad-

251 776 493 816 mittendam.
551 778 604 815 At
634 778 672 815 in
701 777 985 833 posterioribus
1028 777 1138 816 libris
1186 777 1382 816 annalium
1430 778 1596 829 scriptor
1642 777 1691 815 ab
1740 776 1813 815 hae

252 843 412 880 licentia
433 843 558 894 magis
579 844 779 895 magisque
804 843 954 881 recedit
981 844 1180 894 rariorque
1211 844 1253 881 fit
1292 845 1328 881 in
1360 843 1634 882 omissionibus
1648 841 1809 891 verbi*).

252 907 354 952 Quid
386 920 527 946 causae
558 909 645 947 est?
673 908 759 947 Nisi
790 910 919 948 omnia
948 909 1096 958 fallunt,
1135 909 1239 947 idem
1289 909 1363 947 fuit
1410 908 1585 947 studium
1630 908 1806 947 variandi

253 974 586 1024 compositionem,
615 987 690 1024 quo
719 979 761 1012 ut
792 975 1014 1026 aequalium
1042 974 1267 1012 fastidiosas
1298 988 1411 1013 aures
1441 979 1596 1013 teneret
1618 975 1807 1026 impulsus

254 1051 323 1088 pro
354 1038 478 1076 solitis
508 1042 627 1090 atque
656 1052 729 1077 usu
759 1038 911 1087 detritis
941 1052 1064 1077 novas
1095 1044 1134 1077 et
1165 1040 1380 1091 exquisitas
1425 1037 1674 1091 eloqu'entiae
1722 1040 1807 1078 vias

254 1102 457 1141 recludere
486 1116 682 1155 nunquam
712 1103 838 1143 desiit.

382 1233 599 1274 *)Cf.p.7.
626 1236 675 1264 11.
703 1236 751 1264 16.
776 1235 828 1264 21.

869 1664 1189 1856 Q&
