2038 3176
1038 188 1061 224 2

269 317 429 365 monuit,
451 316 615 355 Carolus
638 316 810 355 Wetzell
834 315 1068 364 disseruit*).
1127 317 1259 355 Nihilo
1291 317 1413 355 setius
1439 330 1487 355 ne
1509 317 1540 355 is
1571 315 1730 368 quidem
1761 317 1834 355 etsi

270 381 319 418 de
350 386 490 419 natura
534 387 653 432 atque
699 382 827 419 indole
877 383 1067 419 sermonis
1117 383 1317 433 scriptoris
1369 383 1638 432 pernoscenda
1688 384 1834 433 optime

270 447 424 495 meruit,
452 460 534 484 rem
564 446 613 484 ad
644 447 760 484 finem
792 446 988 497 perduxit,
1017 447 1107 497 quia
1138 452 1177 484 et
1207 447 1374 498 ellipsim
1411 450 1623 485 formarum
1673 453 1748 485 est
1797 452 1836 484 et

272 517 385 550 sunt
415 513 519 563 apud
552 513 799 563 participium
847 512 1010 565 perfecti
1057 526 1077 549 a
1115 512 1252 551 Tacito
1297 514 1417 551 multo
1467 514 1623 564 saepius
1667 526 1782 564 quam
1814 526 1837 550 a

270 577 466 628 prioribus
497 577 707 615 admissam
736 582 905 615 tractare
937 579 1093 616 omnino
1143 578 1364 629 supersedit
1413 591 1539 630 neque
1587 579 1624 616 in
1674 579 1836 629 singulis

270 644 492 682 omissionis
522 643 732 682 verborum
763 644 974 695 generibus
1006 643 1294 695 distinguendis
1326 645 1559 682 rhetoricam
1590 650 1714 683 artem
1739 645 1833 682 satis

272 709 461 759 respexit,
493 709 562 746 sed
593 715 705 746 notas
737 713 982 746 extrinsecus
1012 715 1189 760 sumptas
1221 711 1349 760 potius
1381 715 1536 747 secutus
1568 714 1636 747 est.

403 773 543 827 Neque
575 780 705 813 tamen
737 774 896 812 dubium
917 780 987 821 est,
1017 775 1107 826 quin
1131 788 1303 813 summus
1326 775 1388 812 ille
1414 775 1558 813 artifex
1576 775 1837 827 eloquentiae,

270 842 333 891 qui
366 846 405 878 et
445 841 652 878 verborum
702 846 740 877 et
790 841 989 877 iuncturae
1040 847 1337 891 structuraeque
1383 840 1591 878 verborum
1641 841 1837 878 delectum

271 906 606 943 accuratissimum
638 905 835 956 rebusque
868 906 1058 942 enarratis
1108 910 1186 942 tam
1232 906 1327 942 mire
1358 906 1657 943 convenientem
1689 905 1837 953 habuit,

274 973 310 1008 in
346 972 417 1009 hoc
448 984 603 1020 quoque
643 972 900 1008 instrumento
939 972 1108 1008 oratorio
1149 971 1373 1020 usurpando
1419 985 1491 1008 non
1523 978 1671 1008 temere
1702 972 1839 1021 egerit,

271 1036 343 1074 sed
375 1048 532 1087 semper
563 1036 645 1073 fere
677 1036 795 1073 certis
817 1035 1033 1073 rationibus
1056 1035 1246 1073 adductus
1271 1035 1333 1072 sit.

405 1103 714 1139 Aceuratissime
746 1101 915 1151 denique
949 1101 1143 1151 Georgius
1175 1101 1326 1139 Clemm
1357 1114 1442 1139 cum
1474 1101 1522 1139 de
1553 1102 1638 1139 aliis
1663 1096 1838 1140 ‘brevilo—

273 1167 456 1217 quentiae
475 1166 661 1204 Taciteae
679 1166 892 1217 generibus
924 1173 1004 1203 tum
1037 1166 1084 1203 de
1119 1166 1324 1204 verborum
1357 1168 1635 1217 suppressione
1667 1166 1838 1217 disputa-

273 1233 329 1269 vit
359 1232 607 1283 maximeque
639 1232 909 1282 quaestionem
942 1232 978 1269 in
1012 1245 1085 1283 qua
1103 1244 1307 1269 versamur
1326 1232 1518 1282 provexit.
1578 1231 1707 1270 Solam
1731 1231 1839 1269 verbi

274 1297 510 1335 substantivi
542 1297 792 1334 omissionem
818 1309 941 1347 paene
975 1298 1159 1334 intactam
1184 1297 1340 1348 reliquit
1357 1297 1500 1348 aliique
1523 1298 1839 1334 commentationi

275 1363 451 1414 seposuit
477 1363 517 1414 (p
554 1364 635 1409 63),
656 1375 755 1413 quae
778 1362 881 1413 quod
912 1363 1032 1400 sciam
1065 1376 1258 1413 nunquam
1281 1364 1315 1400 in
1340 1363 1465 1400 lucem
1488 1362 1641 1414 prodiit.
1706 1363 1840 1414 ltaque

276 1428 368 1466 mihi
390 1429 576 1479 proposui
598 1428 810 1478 praecipue
842 1427 953 1473 hanc,
984 1428 1125 1465 deinde
1157 1429 1252 1466 alias
1284 1428 1472 1479 quasdam
1505 1429 1840 1479 breviloquentiae

275 1494 431 1542 formas,
463 1493 603 1544 quibus
634 1493 844 1531 elocutioni
877 1492 1135 1531 Cornelianae
1168 1494 1329 1544 insignis
1360 1494 1466 1531 color
1496 1493 1662 1541 additur,
1692 1499 1836 1531 retrac-

275 1564 373 1597 tare.
435 1558 523 1602 Qua
545 1559 581 1596 in
604 1572 645 1596 re
677 1571 838 1596 numero
871 1559 1038 1596 locorum
1071 1571 1185 1608 quam
1217 1560 1386 1597 maximo
1408 1558 1618 1609 adscripto,
1649 1571 1724 1610 quo
1750 1572 1843 1597 usus

277 1624 434 1661 dicendi
457 1624 681 1674 gradusque
713 1636 756 1661 ac
789 1637 1031 1673 progressus,
1063 1637 1134 1674 per
1164 1637 1260 1674 quos
1307 1625 1473 1674 scriptor
1511 1624 1662 1673 singula
1697 1637 1843 1674 genera

278 1688 498 1727 omis-ionis
530 1689 714 1735 excoluit,
751 1689 1039 1726 manifestiores
1071 1690 1275 1735 exsistant,
1314 1695 1352 1726 et
1393 1702 1479 1726 eum
1511 1689 1698 1736 ordinem,
1728 1702 1842 1740 quem

279 1755 475 1792 Henricus
508 1754 616 1792 Plew
649 1755 683 1791 in
716 1763 1004 1805 programmate
1042 1754 1241 1792 'l'ilsitensi
1275 1755 1323 1792 de
1346 1756 1470 1806 ellipsi
1496 1755 1603 1792 verbi
1633 1756 1842 1805 copulativi

282 1833 369 1858 esse
414 1819 518 1871 apud
568 1825 705 1870 poetas
757 1820 915 1858 Latinos
965 1821 1110 1871 scripto
1157 1821 1342 1867 servavit,
1390 1826 1547 1858 secutus
1597 1821 1763 1871 primum
1794 1820 1842 1857 de

280 1886 558 1936 suppressione
591 1898 625 1923 v.
660 1898 687 1923 s.
721 1885 824 1936 apud
862 1886 1108 1936 participium
1155 1886 1332 1936 perfecti,
1381 1885 1523 1923 deinde
1573 1885 1621 1922 de
1667 1885 1842 1923 eiusdem

280 1951 391 1987 verbi
413 1952 623 1988 omissione
655 1950 758 2000 apud
801 1964 953 1997 nomen,
1002 1958 1199 2001 postremo
1250 1951 1297 1988 de
1348 1951 1590 1989 detractione
1637 1951 1843 1988 verborum

281 2014 433 2052 oriendi
465 2014 680 2052 exsistendi
713 2015 853 2065 agendi
885 2015 1038 2052 dicendi
1071 2015 1271 2052 disseram.

414 2135 444 2170 *)
493 2135 542 2164 Cf.
581 2135 750 2170 iudicium,
801 2135 888 2175 quod
932 2136 1101 2165 Woelfflin
1143 2142 1173 2165 nt
1210 2136 1379 2166 Audresen
1421 2136 1462 2165 (le
1502 2136 1736 2165 dissertatione
1774 2136 1844 2165 eius

282 2179 432 2208 fecerunt
458 2179 488 2208 in
517 2178 666 2213 Bursian,
693 2178 965 2209 Jahresbericlite
996 2180 1074 2209 1875
1101 2179 1132 2209 11
1161 2190 1188 2219 p.
1217 2180 1278 2209 759
1304 2185 1336 2209 et
1353 2179 1624 2209 Jaliresberielite
1650 2179 1706 2208 des
1727 2179 1842 2218 pliilnl.

283 2221 424 2251 Vereins
450 2222 481 2251 in
508 2221 618 2252 Berlin
648 2223 729 2251 187⁸
755 2232 784 2261 p.
811 2224 884 2252 291.
