2038 3176
981 228 1029 266 19

360 357 440 396 Sed
471 357 631 396 Tacitus
660 357 759 396 fines
788 361 973 409 angustos
1004 359 1118 397 huius
1148 358 1484 410 breviloquentiae
1519 371 1542 396 a
1584 357 1780 409 prioribus

225 423 543 474 circumscriptos
559 422 680 461 multo
699 422 895 472 dilatavit3
916 436 1042 475 neque
1064 425 1167 462 enim
1182 424 1306 462 solum
1326 423 1431 475 apud
1450 423 1640 461 adverbia
1659 423 1783 472 hinc,

222 488 343 538 inde,
376 487 524 537 unde,
542 487 779 540 undique,
797 489 1066 541 utrimque,
1090 503 1188 541 quae
1205 494 1352 528 motum
1368 494 1484 541 atque
1502 490 1692 541 originem
1710 489 1779 527 ali·

227 554 350 607 cunde
386 553 570 602 indicant,
600 553 671 592 sed
701 554 819 592 etiam
848 555 951 606 apud
981 567 1048 593 eas
1077 555 1299 607 particulas,
1328 567 1427 606 quae
1459 556 1634 607 quietem
1675 555 1777 592 intra

222 610 349 659 locum
381 619 553 671 aliquem
584 618 803 672 designant,
830 620 938 659 velut
976 620 1063 671 ibi,
1091 621 1200 671 ubi,
1228 620 1434 673 ubique,
1483 621 1585 670 hic,
1633 620 1781 670 alibi,

221 685 437 736 passim,
466 686 624 733 iuxta,
653 686 806 735 palam
837 690 876 723 et
905 687 1005 737 apud
1025 687 1214 725 dictiones
1244 687 1608 738 praepositionales,
1638 686 1780 737 quibus

228 753 394 802 cognata
423 749 653 801 significatio
675 751 787 800 inest,
802 751 840 788 in
857 751 988 789 vivida
1011 752 1074 790 vel
1090 753 1208 790 citata
1223 752 1446 790 narratione
1464 755 1532 790 aut
1561 751 1600 789 in
1621 751 1781 790 concisa

225 816 488 867 descriptione
507 816 670 854 verbum
691 817 831 855 omisit.
890 817 1095 855 Accedunt
1125 830 1172 856 ea
1193 817 1392 865 adverbia,
1407 829 1506 867 quae
1528 829 1780 868 progressum

224 881 388 919 actionis
419 881 600 930 inferunt,
629 894 744 932 quam
773 882 851 919 vim
882 883 1094 933 particulae
1124 882 1237 921 inde
1274 887 1314 920 et
1356 883 1430 933 ipsi
1461 883 1658 933 propriam
1688 894 1778 920 esse

222 950 386 994 constat,
417 946 544 996 qualia
564 950 671 984 sunt:
702 947 814 995 iam,
843 952 958 996 tum,
988 947 1190 996 exinde,
1219 947 1422 996 dehinc,
1451 947 1612 996 simul,
1641 951 1780 994 tunc,

221 1025 348 1060 mox,
380 1011 516 1051 exim.
575 1011 706 1063 Atque
742 1013 859 1051 etiam
903 1013 985 1051 sine
1015 1012 1091 1051 ulla
1132 1013 1322 1065 particula
1351 1013 1588 1052 nominativo
1621 1016 1774 1051 tantum

221 1078 417 1126 absoluto,
446 1078 510 1128 qui
541 1090 563 1115 a
597 1079 859 1129 grammaticis
907 1083 1078 1131 vocatur,
1107 1091 1249 1117 novum
1277 1078 1493 1117 membrum
1540 1079 1773 1117 narrationis

226 1144 289 1182 vel
319 1143 592 1195 descriptionis
623 1143 727 1182 haud
748 1157 834 1182 raro
855 1145 1029 1183 breviter
1047 1144 1295 1195 significatur,
1325 1144 1374 1182 ad
1405 1144 1508 1195 quod
1536 1158 1674 1182 munus
1704 1157 1772 1182 ex-

226 1208 412 1260 plendum
441 1209 596 1248 nomina
625 1209 800 1248 verbalia
830 1210 868 1247 in
898 1210 943 1248 io
973 1210 1036 1248 vel
1083 1223 1138 1248 us
1187 1209 1407 1248 desinentia
1455 1210 1657 1261 aptissima
1686 1222 1775 1248 esse

228 1275 342 1313 facile
374 1275 672 1326 cognoscitur*).

351 1340 434 1378 Iam
464 1340 513 1378 ad
544 1341 711 1392 exenpla
740 1344 1004 1378 transeamus:

355 1408 385 1444 l.
417 1405 683 1444 Usitatissima
714 1410 773 1444 est
804 1406 951 1457 ellipsis
996 1405 1106 1444 verbi
1137 1405 1288 1443 oriundi
1318 1405 1422 1457 apud
1470 1405 1658 1443 adverbia
1686 1418 1774 1456 pro—

222 1471 433 1509 nominalia
462 1470 542 1509 hin
558 1484 599 1519 c,
628 1471 754 1521 inde,
781 1471 906 1510 unde
955 1471 1184 1523 similiaque,
1228 1471 1485 1523 quibuscum
1515 1470 1689 1522 emphasi
1738 1471 1775 1508 in

222 1537 332 1575 initio
362 1542 429 1575 aut
459 1542 549 1588 post
596 1538 761 1588 primam
808 1550 944 1576 vocem
974 1538 1162 1575 enuntiati
1195 1538 1331 1588 positis
1362 1537 1524 1575 verbum
1553 1537 1645 1574 satis
1676 1536 1774 1573 indi-

224 1606 342 1641 cetur.
404 1602 493 1641 Hoc
521 1615 645 1654 genus
676 1603 851 1642 breviter
881 1603 1035 1641 dicendi
1064 1607 1145 1641 tum
1184 1603 1352 1641 maxime
1390 1602 1542 1654 legitur,
1589 1614 1677 1640 cum
1725 1601 1773 1640 de

223 1669 373 1718 origine
405 1669 567 1706 alicuius
598 1669 821 1706 affectionis
851 1669 968 1706 animi
998 1668 1235 1719 proferenda
1264 1668 1401 1718 agitur,
1444 1667 1482 1704 id
1529 1666 1629 1717 quod
1673 1666 1776 1717 apud

221 1732 411 1782 Tacitum,
457 1734 749 1785 sagasissimum
795 1734 898 1771 illum
943 1734 1215 1785 inquisitorem
1263 1733 1432 1785 pectoris
1479 1732 1647 1780 humani,
1689 1744 1774 1769 sae-

219 1798 379 1848 pissime
410 1798 564 1837 accidit.

350 1863 412 1902 Ex
441 1864 627 1916 Agricola
657 1869 696 1903 et
727 1863 940 1903 Germania
968 1863 1043 1903 huc
1073 1864 1271 1915 pertinent
1300 1862 1339 1901 hi
1370 1862 1462 1902 loci:
1506 1861 1543 1901 A
1572 1863 1646 1901 21:
1683 1860 1773 1900 inde

218 1930 336 1966 etiam
367 1930 522 1967 habitus
552 1931 673 1968 nostri
703 1930 846 1978 honor3
892 1928 927 1967 G
956 1931 1001 1967 4:
1045 1929 1149 1966 unde
1180 1928 1339 1966 habitus
1382 1940 1534 1979 quoque
1565 1940 1768 1978 corporum

218 1994 340 2043 idem3
371 1996 443 2032 40:
472 2008 634 2033 arcanus
665 1995 754 2033 hinc
784 1999 912 2034 terror
941 1999 1156 2045 sanctaque
1187 1993 1416 2044 ignorantia.

345 2060 392 2097 In
407 2061 713 2111 interrogatione
730 2061 888 2111 obliqua
904 2060 1173 2098 subiunctivus
1194 2072 1228 2096 v.
1250 2072 1277 2096 s.
1299 2056 1537 2109 supplendus
1574 2061 1634 2094 est
1672 2056 1708 2094 G
1726 2059 1772 2094 9:

216 2123 320 2162 unde
339 2137 455 2163 causa
472 2131 511 2163 et
527 2126 635 2177 origo
650 2126 856 2177 peregrino
868 2138 991 2174 sacro,
1007 2138 1144 2177 parum
1174 2124 1356 2175 comperi.
1403 2123 1445 2161 In
1463 2122 1548 2160 aliis
1561 2123 1774 2161 enuntiatis

218 2190 457 2229 secundariis
475 2191 638 2229 verbum
652 2192 837 2229 omissum
851 2195 934 2229 est:
962 2190 1079 2229 G39:
1104 2194 1301 2240 tamquam
1319 2188 1406 2225 inde
1424 2188 1534 2225 initia
1553 2188 1695 2238 gentis,
1716 2188 1771 2226 ibi

216 2261 398 2306 regnator
410 2257 579 2294 omnium
591 2256 687 2294 deus
699 2270 708 2306 3
722 2256 823 2295 G45:
837 2270 912 2308 quo
925 2257 1027 2307 cingi
1037 2255 1215 2306 cludique
1227 2258 1415 2292 terrarum
1424 2251 1558 2290 orbem
1566 2251 1654 2290 hinc
1661 2252 1771 2292 fides.

214 2352 273 2390 IV,
298 2354 354 2383 33:
381 2354 521 2391 „caedes
546 2354 631 2390 inde,
657 2364 719 2383 non
747 2354 925 2393 proelium“
953 2357 1003 2384 est
1027 2352 1275 2392 comparandus.
1326 2350 1398 2380 Uno
1423 2349 1495 2379 loco
1520 2348 1629 2379 Germ.
1657 2351 1692 2379 7:
1720 2354 1775 2389 „et

215 2396 247 2425 in
273 2397 419 2436 proximo
443 2397 593 2437 pignora,
618 2397 698 2428 und«
733 2398 928 2428 feminarum
953 2397 1100 2427 ululatus
1126 2395 1243 2431 audiri,
1282 2393 1367 2423 unde
1402 2393 1534 2433 vagitus
1573 2393 1770 2424 infantium‘·

214 2439 349 2470 Tacitus
374 2440 571 2471 infinitivum
597 2441 788 2471 historicum
813 2445 888 2480 post
912 2441 1103 2471 adverbium
1130 2449 1149 2468 u
1164 2439 1241 2468 nde
1266 2436 1425 2467 audacius
1450 2436 1623 2475 usurpavit
1640 2446 1771 2467 versum

214 2482 444 2523 Vergilianum
469 2485 581 2521 6‚557:
609 2485 706 2522 „hinc
731 2484 882 2514 axaudiri
908 2484 1049 2524 gemitus
1074 2488 1106 2512 et
1130 2492 1230 2521 saeva
1247 2490 1364 2510 sonare
1381 2479 1551 2515 verbera“‚
1576 2483 1613 2510 ut
1629 2480 1774 2518 videtur,

213 2534 286 2556 cum
310 2526 492 2557 mutatione
517 2527 632 2566 aliqua
656 2527 813 2557 imitatus.
861 2527 960 2566 Apud
986 2526 1170 2567 Vergilium
1194 2528 1226 2554 et
1250 2524 1357 2562 ipsum
1382 2523 1414 2552 in
1434 2523 1664 2553 enuntiatione
1681 2524 1768 2553 rela-

212 2569 281 2599 tiva
305 2569 486 2601 infinitivus
510 2571 687 2602 historicus
712 2571 812 2601 semel
833 2572 964 2608 11‚82‘2:
992 2571 1135 2609 „Accam
1150 2567 1350 2607 adloquitur,
1375 2565 1441 2596 fida
1464 2569 1542 2597 ante
1568 2566 1654 2597 alias
1681 2577 1774 2607 quae

212 2613 283 2644 sola
308 2614 478 2651 Camillae,
504 2615 644 2651 Quicum
667 2615 783 2655 partiri
807 2616 927 2645 curas“
952 2615 1083 2654 legitur.

343 2656 375 2696 *)
400 2658 448 2688 Of.
474 2658 620 2698 Madvigi
646 2659 897 2699 grammaticam
922 2659 1075 2689 Latinam
1098 2655 1117 2695 ξ
1142 2656 1202 2685 44Ί
1228 2654 1258 2684 d.
1284 2655 1326 2684 A.
1348 2655 1383 2683 2:
1407 2653 1605 2692 „Bisweilen
1631 2655 1720 2686 steht
1737 2656 1771 2686 in

213 2699 508 2733 sortschreitender
531 2702 623 2733 Rede
648 2703 700 2733 ein
728 2702 919 2733 Nominativ
943 2703 1002 2733 mit
1027 2701 1237 2740 Auslassung
1262 2698 1356 2728 eines
1383 2697 1503 2734 Verbs,
1529 2700 1671 2730 welches
1713 2710 1770 2741 ge-

212 2744 369 2783 schehen,
393 2746 568 2778 eintrcffen
585 2757 616 2777 u.
641 2757 667 2777 s.
692 2758 730 2777 w.
756 2747 957 2784 bezeichnet,
984 2757 1038 2776 um
1062 2746 1157 2775 einen
1183 2752 1290 2773 neuen
1315 2742 1437 2778 Punkt,
1462 2743 1515 2772 ein
1539 2752 1643 2774 neues
1668 2744 1768 2774 Glied

213 2787 272 2818 der
294 2788 488 2832 Erziihlung
511 2790 593 2834 kugz
617 2789 856 2821 anzudeuten.“

1512 2851 1551 2883 28
