2038 3176
890 523 1168 600 Vita.

384 695 509 734 Natus
539 708 635 745 sum,
666 696 863 748 Casparus
895 695 1020 745 Stuhl,
1051 694 1361 734 Kleineibstadti
1390 695 1429 733 in
1459 695 1546 734 vico
1569 694 1814 734 Franconiae

254 761 450 798 inferioris
480 773 512 797 a.
546 760 581 798 d.
606 761 695 799 VII.
729 760 810 800 Cal.
846 761 935 799 Jan.
967 774 1068 799 anno
1089 758 1396 798 MDCCCLVII
1424 759 1606 799 «Iohanno
1627 753 1817 812 Josepho,

254 826 485 865 Elisabetha
515 827 743 877 parentibus
773 832 813 866 et
842 827 934 866 fidei
965 827 1181 865 catholicae
1219 826 1424 865 addictus:
1469 826 1569 865 Cum
1613 826 1814 864 literarum

255 893 452 930 elementa
500 891 736 941 didicissem,
784 893 1029 944 gymnasium
1078 892 1247 929 vicinum
1292 891 1725 930 Muennerstadtianum
1773 894 1813 928 ct

256 961 395 1009 postea
423 956 756 1009 Wirceburgense
804 958 894 997 adii.
952 958 1150 997 Autumno
1199 957 1290 995 anni
1340 956 1729 996 MDCCCLXXVII
1777 957 1816 995 iu

254 1024 488 1061 societatem
516 1023 757 1061 Academiae
787 1023 1204 1062 Julio-Maximilianae
1235 1027 1419 1073 receptus
1450 1036 1546 1061 sum.
1607 1022 1667 1060 Ibi
1694 1022 1812 1061 docu-

255 1092 372 1126 erunt
400 1100 463 1126 me
494 1087 647 1138 Flasch,
684 1087 940 1141 Grasberger‚
969 1088 1085 1141 Jolly,
1123 1088 1265 1139 Lexer,
1296 1087 1460 1139 Schanz,
1499 1087 1658 1128 Urlichs
1687 1087 1813 1140 philo-

257 1154 347 1205 logi,
368 1153 517 1206 Unger,
539 1153 707 1206 Wegele
727 1154 916 1204 historici,
946 1154 1106 1206 Stumpf
1117 1153 1383 1206 philosophus.
1443 1153 1542 1193 Tum
1563 1153 1813 1193 Monachium

253 1218 316 1257 m'e
348 1220 503 1269 contuli,
549 1219 616 1258 ubi
657 1219 838 1269 Bursian,
868 1219 1011 1269 Christ,
1040 1219 1158 1258 Halm
1187 1220 1387 1271 philologi,
1434 1218 1628 1269 Carriere,
1675 1219 1813 1258 Prantl

219 1289 222 1293 ’
254 1284 489 1336 philosophi,
520 1284 782 1324 Giesebrecht
830 1286 1038 1324 historicus
1085 1297 1147 1323 me
1186 1286 1448 1324 instituerunt.
1521 1284 1596 1323 His
1626 1284 1807 1324 omnibus

255 1350 421 1400 gratiam
452 1350 579 1388 habeo
608 1350 831 1389 maximam.
889 1349 992 1387 Jnde
1042 1349 1092 1387 ad
1122 1349 1258 1387 sedem
1300 1350 1500 1388 literarum
1530 1349 1812 1389 Franconicam

256 1427 457 1453 reversum
488 1415 733 1454 institutione
783 1419 901 1467 atque
951 1414 1127 1453 doctrina
1175 1416 1346 1453 virorum
1389 1415 1541 1454 illorum
1585 1414 1712 1454 denuo
1747 1427 1811 1454 me

258 1485 414 1519 auctum
432 1494 519 1519 esse
536 1486 648 1532 grato
665 1482 793 1519 animo
810 1481 1007 1519 confiteor.
1050 1479 1149 1518 Cum
1170 1480 1313 1518 deinde
1330 1493 1430 1518 anno
1447 1479 1812 1518 MDCCCLXXXI

259 1546 366 1598 prius
397 1559 561 1584 examen
592 1546 791 1597 publicum
814 1546 1020 1595 subissem,
1050 1558 1121 1597 per
1141 1549 1371 1597 sequentem
1392 1558 1532 1583 annum
1554 1549 1597 1583 ut
1615 1545 1811 1584 Monachii

259 1611 389 1650 studio
420 1613 686 1663 comparativo
716 1612 934 1663 linguarum
965 1624 1027 1650 me
1058 1610 1203 1649 dedere
1233 1624 1402 1662 possem,
1449 1624 1609 1650 munere
1657 1612 1810 1662 privato

258 1677 508 1729 suscipiendo
538 1677 633 1715 mihi
664 1678 837 1729 contigit.
897 1677 1030 1716 Verno
1080 1681 1211 1715 autem
1259 1689 1360 1715 anno
1408 1677 1647 1729 octogesimo
1694 1677 1809 1716 tertio

257 1742 372 1781 huius
402 1744 547 1781 saeculi
592 1744 757 1795 collegio
793 1743 985 1795 gymnasii
1028 1743 1173 1781 veteris
1205 1741 1432 1781 Castrorum
1461 1742 1701 1794 Reginorum
1741 1743 1807 1780 ad-

261 1809 437 1847 iumento
467 1808 623 1846 additus
654 1822 749 1847 sum.
809 1807 993 1846 Calendis
1010 1808 1123 1846 Maiis
1153 1808 1243 1846 anni
1260 1807 1630 1859 duodenonagesimi
1647 1807 1809 1859 gradum

257 1875 433 1925 magistri
463 1874 681 1913 studiorum
711 1878 944 1913 consec-utus
975 1877 1015 1912 et
1043 1877 1229 1912 autumno
1260 1874 1345 1912 eius
1374 1874 1463 1912 anni
1493 1872 1742 1925 Burghusum
1771 1874 1808 1911 in

258 1939 447 1990 oppidum
476 1940 526 1977 ad
557 1939 709 1977 Ivarum
740 1940 900 1977 fluvium
931 1940 1049 1977 situm
1078 1939 1280 1977 traductus
1310 1951 1404 1976 sum.
1465 1939 1523 1976 Ibi
1554 1939 1640 1989 plus
1669 1951 1809 1977 novem

260 2018 382 2043 annos
412 2006 543 2056 pueris
574 2004 752 2043 ordinum
781 2004 997 2043 mediorum
1020 2004 1272 2043 instituendis
1294 2004 1524 2055 consumpsi.
1583 2004 1699 2042 Initio
1720 2004 1810 2042 anni

261 2069 628 2108 MDCCCXCVIII
657 2070 707 2107 ad
736 2071 980 2121 gymnasium
1009 2070 1265 2121 Frisingense
1312 2074 1354 2107 ut
1402 2068 1637 2116 traducerer,
1683 2070 1810 2120 gratia

261 2136 448 2187 principis
479 2136 600 2174 nostri
630 2136 839 2187 impetravi
869 2140 908 2174 et
937 2140 1020 2174 tum
1050 2135 1206 2174 demum
1251 2136 1370 2173 otium
1400 2137 1626 2185 exoptatum
1671 2139 1809 2172 nactus

256 2214 352 2249 sum,
380 2214 452 2252 per
481 2201 585 2252 quod
615 2201 709 2239 mihi
738 2201 861 2250 licuit,
887 2205 929 2239 ut
960 2201 1131 2239 doctoris
1153 2200 1425 2252 philosophiae
1461 2199 1625 2250 gradum
1663 2199 1808 2251 adipis·

256 2279 379 2315 cerer,
409 2280 570 2318 operam
587 2266 826 2318 impendere.
886 2266 1102 2319 Postquam
1131 2280 1223 2305 cura
1251 2279 1338 2304 mea
1366 2264 1605 2316 amplissimo
1636 2264 1807 2316 philoso-

254 2332 418 2383 phorum
449 2332 573 2371 ordini
603 2332 771 2384 probata
800 2336 872 2381 est,
914 2345 1080 2371 examen
1127 2333 1343 2385 rigorosum
1389 2329 1516 2382 pridie
1560 2329 1660 2368 Non.
1692 2330 1807 2370 Mart.

255 2397 419 2437 absolvi.

871 2581 1194 2677 Q&
